@article{Will-Jones-2005,
    title = {{100th Anniversary Special Paper: Vapor transport of metals and the formation of magmatic-hydrothermal ore deposits}},
    year = {2005},
    booktitle = {Economic Geology},
    author = {Williams-Jones, Anthony E. and Heinrich, Christoph A.},
    isbn = {1868383393},
    doi = {10.2113/gsecongeo.100.7.1287},
    issn = {03610128},
    pmid = {17832066}
}

@article{Edmonds-2018,
    title = {{A distinct metal fingerprint in arc volcanic emissions}},
    year = {2018},
    journal = {Nature Geoscience},
    author = {Edmonds, Marie and Mather, Tamsin A. and Liu, Emma J.},
    pages = {1--6},
    publisher = {Springer US},
    url = {http://www.nature.com/articles/s41561-018-0214-5},
    isbn = {4156101802145},
    doi = {10.1038/s41561-018-0214-5},
    issn = {1752-0894}
}

@article{Sillitoe-1972,
    title = {{A plate tectonic model for the origin of porphyry copper deposits}},
    year = {1972},
    journal = {Economic geology},
    author = {Sillitoe, Richard H},
    number = {2},
    pages = {184--197},
    volume = {67},
    publisher = {Society of Economic Geologists},
    issn = {1554-0774}
}

@article{Richards-2018,
    title = {{A Shake-Up in the Porphyry World?}},
    year = {2018},
    journal = {Economic Geology},
    author = {Richards, Jeremy P},
    number = {6},
    month = {9},
    pages = {1225--1233},
    volume = {113},
    url = {http://dx.doi.org/10.5382/econgeo.2018.4589},
    issn = {0361-0128}
}

@article{Kiseeva-2013,
    title = {{A simple model for chalcophile element partitioning between sulphide and silicate liquids with geochemical applications}},
    year = {2013},
    journal = {Earth and Planetary Science Letters},
    author = {Kiseeva, Ekaterina S. and Wood, Bernard J.},
    isbn = {0012821X},
    doi = {10.1016/j.epsl.2013.09.034},
    issn = {0012821X},
    keywords = {Chalcophile elements, Depleted mantle, High pressure experiments, Lead paradoxes, Sulphide-silicate partitioning, Trace elements}
}

@article{Allard-2000,
    title = {{Acid gas and metal emission rates during long-lived basalt degassing at Stromboli volcano}},
    year = {2000},
    journal = {Geophysical Research Letters},
    author = {Allard, Patrick and Aiuppa, Alessandro and Loyer, Henri and Carrot, Francine and Gaudry, André and Pinte, Guy and Michel, Agnès and Dongarr{\`{a}}, Gaetano},
    isbn = {0094-8276},
    doi = {10.1029/1999GL008413},
    issn = {00948276}
}

@article{Baker-2016,
    title = {{Age and geochemistry of host rocks of the Cobre Panama porphyry Cu–Au deposit, central Panama: Implications for the Paleogene evolution of the Panamanian magmatic arc}},
    year = {2016},
    journal = {Lithos},
    author = {Baker, Michael J and Hollings, Peter and Thompson, Jennifer A and Thompson, Jay M and Burge, Colin},
    pages = {40--54},
    volume = {248-251},
    url = {http://www.sciencedirect.com/science/article/pii/S0024493716000426},
    doi = {https://doi.org/10.1016/j.lithos.2016.01.014},
    issn = {0024-4937},
    keywords = {Arc-magmatism, Geochemistry, Geochronology, Panama, Porphyry Cu}
}

@article{Iveson-2018,
    title = {{Amphibole-, Clinopyroxene- and Plagioclase-Melt Partitioning of Trace and Economic Metals in Halogen-Bearing Rhyodacitic Melts}},
    year = {2018},
    journal = {Journal of Petrology},
    author = {Iveson, Alexander A and Rowe, Michael C and Webster, James D and Neill, Owen K},
    number = {8},
    month = {8},
    pages = {1579--1604},
    volume = {59},
    url = {http://dx.doi.org/10.1093/petrology/egy072},
    issn = {0022-3530}
}

@article{Hoernle-2008,
    title = {{Arc-parallel flow in the mantle wedge beneath Costa Rica and Nicaragua}},
    year = {2008},
    journal = {Nature},
    author = {Hoernle, Kaj and Abt, David L and Fischer, Karen M and Nichols, Holly and Hauff, Folkmar and Abers, Geoffrey A and van den Bogaard, Paul and Heydolph, Ken and Alvarado, Guillermo and Protti, Marino and Strauch, Wilfried},
    month = {1},
    pages = {1094},
    volume = {451},
    publisher = {Nature Publishing Group},
    url = {http://dx.doi.org/10.1038/nature06550 http://10.0.4.14/nature06550 https://www.nature.com/articles/nature06550#supplementary-information}
}

@article{Botcharnikov-2013,
    title = {{Behavior of gold in a magma at sulfide-sulfate transition: Revisited}},
    year = {2013},
    journal = {American Mineralogist},
    author = {Botcharnikov, Roman E. and Holtz, Francois and Mungall, James E. and Beermann, Oliver and Linnen, Robert L. and Garbe-Sch{\"{o}}nberg, Dieter},
    isbn = {0003-004X},
    doi = {10.2138/am.2013.4502},
    issn = {0003004X},
    keywords = {Basalt, Enrichment, Gold, Magma, Partitioning, Solubility, Sulfide, Sulfur}
}

@article{Nealson-2002,
    title = {{Breathing metals as a way of life: Geobiology in action}},
    year = {2002},
    journal = {Antonie van Leeuwenhoek, International Journal of General and Molecular Microbiology},
    author = {Nealson, Kenneth H. and Belz, Andrea and McKee, Brent},
    number = {1-4},
    pages = {215--222},
    volume = {81},
    isbn = {0003-6072 (Print){\textbackslash}n0003-6072 (Linking)},
    doi = {10.1023/A:1020518818647},
    issn = {00036072},
    pmid = {12448720},
    keywords = {Anaerobic respiration, Dissimilatory metabolism, Metal reduction, Shewanella, Solubilization of metals, Transition metals}
}

@article{Parmigiani-2016,
    title = {{Bubble accumulation and its role in the evolution of magma reservoirs in the upper crust}},
    year = {2016},
    journal = {Nature},
    author = {Parmigiani, A. and Faroughi, S. and Huber, C. and Bachmann, O. and Su, Y.},
    isbn = {1476-4687 (Electronic){\textbackslash}r0028-0836 (Linking)},
    doi = {10.1038/nature17401},
    issn = {14764687},
    pmid = {27074507}
}

@article{Clark-1982,
    title = {{Cenozoic mineral deposits and subduction-related magmatic arcs in Mexico}},
    year = {1982},
    journal = {Geological Society of America Bulletin},
    author = {Clark, Kenneth F and Foster, C Thomas and Damon, Paul E},
    number = {6},
    pages = {533--544},
    volume = {93},
    publisher = {Geological Society of America},
    issn = {1943-2674}
}

@article{Jenner-2012,
    title = {{Chalcophile element systematics in volcanic glasses from the northwestern Lau Basin}},
    year = {2012},
    journal = {Geochemistry, Geophysics, Geosystems},
    author = {Jenner, F. E. and Arculus, R. J. and Mavrogenes, J. A. and Dyriw, N. J. and Nebel, O. and Hauri, E. H.},
    isbn = {1525-2027},
    doi = {10.1029/2012GC004088},
    issn = {15252027},
    keywords = {Lau Backarc Basin, Samoan plume, basalt, chalcophile, copper, sulfide saturation}
}

@article{vanHinsberg-2016,
    title = {{CO2-fluxing collapses metal mobility in magmatic vapour}},
    year = {2016},
    journal = {Geochemical Perspectives Letters},
    author = {van Hinsberg, V.J. and Berlo, K. and Migdisov, A.A. and Williams-Jones, A.E.},
    doi = {10.7185/geochemlet.1617},
    issn = {2410339X}
}

@article{Johnston-1997,
    title = {{Cocos-Nazca slab window beneath Central America}},
    year = {1997},
    journal = {Earth and Planetary Science Letters},
    author = {Johnston, Stephen T. and Thorkelson, Derek J.},
    isbn = {0012-821X},
    doi = {10.1016/S0012-821X(96)00242-7},
    issn = {0012821X},
    keywords = {subduction}
}

@article{Hattori-2001,
    title = {{Contribution of mafic melt to porphyry copper mineralization: Evidence from Mount Pinatubo, Philippines, and Bingham Canyon, Utah, USA}},
    year = {2001},
    journal = {Mineralium Deposita},
    author = {Hattori, Kéiko H. and Keith, Jeffrey D.},
    isbn = {0026-4598},
    doi = {10.1007/s001260100209},
    issn = {00264598}
}

@article{Jenner-2017,
    title = {{Cumulate causes for the low contents of sulfide-loving elements in the continental crust}},
    year = {2017},
    journal = {Nature Geoscience},
    author = {Jenner, Frances Elaine},
    isbn = {1752-0908},
    doi = {10.1038/ngeo2965},
    issn = {17520908}
}

@article{Zajacz-2008,
    title = {{Determination of fluid/melt partition coefficients by LA-ICPMS analysis of co-existing fluid and silicate melt inclusions: Controls on element partitioning}},
    year = {2008},
    journal = {Geochimica et Cosmochimica Acta},
    author = {Zajacz, Zoltán and Halter, Werner E. and Pettke, Thomas and Guillong, Marcel},
    number = {8},
    month = {4},
    pages = {2169--2197},
    volume = {72},
    publisher = {Pergamon},
    url = {https://www.sciencedirect.com/science/article/pii/S0016703708000653},
    doi = {10.1016/J.GCA.2008.01.034},
    issn = {0016-7037}
}

@article{Norris-2017,
    title = {{Earth’s volatile contents established by melting and vaporization}},
    year = {2017},
    journal = {Nature},
    author = {Norris, C Ashley and Wood, Bernard J},
    month = {9},
    pages = {507},
    volume = {549},
    publisher = {Macmillan Publishers Limited, part of Springer Nature. All rights reserved.},
    url = {https://doi.org/10.1038/nature23645 http://10.0.4.14/nature23645}
}

@article{Li-2015,
    title = {{Effects of temperature, silicate melt composition, and oxygen fugacity on the partitioning of V, Mn, Co, Ni, Cu, Zn, As\-, Mo, Ag, Sn, Sb, W, Au, Pb, and Bi between sulfide phases and silicate melt}},
    year = {2015},
    journal = {Geochimica et Cosmochimica Acta},
    author = {Li, Yuan and Aud{\'{e}}tat, Andreas},
    isbn = {0012-821X},
    doi = {10.1016/j.gca.2015.04.036},
    issn = {00167037},
    pmid = {355138000002}
}

@article{Li-2005,
    title = {{Empirical equations to predict the sulfur content of mafic magmas at sulfide saturation and applications to magmatic sulfide deposits}},
    year = {2005},
    journal = {Mineralium Deposita},
    author = {Li, Chusi and Ripley, Edward M.},
    isbn = {0012600504},
    doi = {10.1007/s00126-005-0478-8},
    issn = {00264598},
    keywords = {Magmatic sulfide deposits, Nickel, PGE, Solubility, Sulfur}
}

@article{Rogers-2002,
    title = {{Epeirogenic uplift above a detached slab in northern Central America}},
    year = {2002},
    journal = {Geology},
    author = {Rogers, Robert D. and K{\'{a}}rason, Hrafnkell and van der Hilst, Robert D.},
    number = {11},
    pages = {1031},
    volume = {30},
    url = {https://pubs.geoscienceworld.org/geology/article/30/11/1031-1034/186101},
    isbn = {0091-7613},
    doi = {10.1130/0091-7613(2002)030<1031:EUAADS>2.0.CO;2},
    issn = {0091-7613},
    pmid = {832},
    arxivId = {n/a},
    keywords = {Central America, Entrenched meanders, Slab break-off, Tomography, Uplift}
}

@article{Green-1994r,
    title = {{Experimental studies of trace-element partitioning applicable to igneous petrogenesis - Sedona 16 years later}},
    year = {1994},
    journal = {Chemical Geology},
    author = {Green, Trevor H.},
    isbn = {0009-2541},
    doi = {10.1016/0009-2541(94)90119-8},
    issn = {00092541}
}

@article{Edmonds-2018b,
    title = {{Exsolved volatiles in magma reservoirs}},
    year = {2018},
    journal = {Journal of Volcanology and Geothermal Research},
    author = {Edmonds, Marie and Woods, Andrew W},
    url = {http://www.sciencedirect.com/science/article/pii/S0377027318302944},
    doi = {https://doi.org/10.1016/j.jvolgeores.2018.10.018},
    issn = {0377-0273}
}

@article{Hinkley-1994,
    title = {{Fractionation of families of major, minor, and trace metals across the melt-vapor interface in volcanic exhalations}},
    year = {1994},
    journal = {Geochimica et Cosmochimica Acta},
    author = {Hinkley, Todd K. and Le Cloarec, M. F. and Lambert, Gerard},
    isbn = {0016-7037},
    doi = {10.1016/0016-7037(94)90053-1},
    issn = {00167037}
}

@article{Chen-2015,
    title = {{Geochemical differences between subduction- and collision-related copper-bearing porphyries and implications for metallogenesis}},
    year = {2015},
    journal = {Ore Geology Reviews},
    author = {Chen, JianLin and Xu, JiFeng and Wang, BaoDi and Yang, ZhiMing and Ren, JiangBo and Yu, HongXia and Liu, Hongfei and Feng, Yuexing},
    pages = {424--437},
    volume = {70},
    url = {http://www.sciencedirect.com/science/article/pii/S0169136815000244},
    doi = {https://doi.org/10.1016/j.oregeorev.2015.01.011},
    issn = {0169-1368},
    keywords = {Cu-bearing porphyry, Eastern Pacific Rim, Geochemistry, Southern Tibet, Subduction- and collision-related}
}

@article{Wheller-1987,
    title = {{Geochemistry of quaternary volcanism in the Sunda-Banda arc, Indonesia, and three-component genesis of island-arc basaltic magmas}},
    year = {1987},
    journal = {Journal of Volcanology and Geothermal Research},
    author = {Wheller, G E and Varne, R and Foden, J D and Abbott, M J},
    number = {1},
    pages = {137--160},
    volume = {32},
    url = {http://www.sciencedirect.com/science/article/pii/0377027387900412},
    doi = {https://doi.org/10.1016/0377-0273(87)90041-2},
    issn = {0377-0273}
}

@article{DiPiazza-2015,
    title = {{Geochemistry of the mantle source and magma feeding system beneath Turrialba volcano, Costa Rica}},
    year = {2015},
    journal = {Lithos},
    author = {Di Piazza, A and Rizzo, A L and Barberi, F and Carapezza, M L and De Astis, G and Romano, C and Sortino, F},
    pages = {319--335},
    volume = {232},
    url = {http://www.sciencedirect.com/science/article/pii/S0024493715002625},
    doi = {https://doi.org/10.1016/j.lithos.2015.07.012},
    issn = {0024-4937},
    keywords = {Adakite, Fluid inclusions, He/He ratio, MORB mantle, OIB mantle, Turrialba}
}

@article{Cigolini-2018,
    title = {{Geological, petrological and geochemical framework of Miravalles-Guayabo caldera and related lavas, NW Costa Rica}},
    year = {2018},
    journal = {Journal of Volcanology and Geothermal Research},
    author = {Cigolini, C. and Taticchi, T. and Alvarado, G.E. and Laiolo, M. and Coppola, D.},
    month = {6},
    pages = {207--227},
    volume = {358},
    publisher = {Elsevier},
    url = {https://www.sciencedirect.com/science/article/pii/S0377027317303372},
    doi = {10.1016/J.JVOLGEORES.2018.05.013},
    issn = {0377-0273}
}

@article{Kim-2010,
    title = {{Geometry and seismic properties of the subducting Cocos plate in central Mexico}},
    year = {2010},
    journal = {Journal of Geophysical Research: Solid Earth},
    author = {Kim, Y. and Clayton, R. W. and Jackson, J. M.},
    isbn = {2156-2202},
    doi = {10.1029/2009JB006942},
    issn = {21699356}
}

@article{Kim-2010b,
    title = {{Geometry and seismic properties of the subducting Cocos plate in central Mexico}},
    year = {2010},
    journal = {Journal of Geophysical Research: Solid Earth},
    author = {Kim, Y. and Clayton, R. W. and Jackson, J. M.},
    isbn = {2156-2202},
    doi = {10.1029/2009JB006942},
    issn = {21699356}
}

@article{Cooke-2005,
    title = {{Giant porphyry deposits: characteristics, distribution, and tectonic controls}},
    year = {2005},
    journal = {Economic geology},
    author = {Cooke, David R and Hollings, Peter and Walshe, John L},
    number = {5},
    pages = {801--818},
    volume = {100},
    publisher = {Society of Economic Geologists},
    issn = {1554-0774}
}

@article{Syracuse-2006,
    title = {{Global compilation of variations in slab depth beneath arc volcanoes and implications}},
    year = {2006},
    journal = {Geochemistry, Geophysics, Geosystems},
    author = {Syracuse, Ellen M. and Abers, Geoffrey A.},
    isbn = {1525-2027},
    doi = {10.1029/2005GC001045},
    issn = {15252027},
    keywords = {Descent rate, Slab dip, Slab geometry, Slab thickness, Wadati-benioff zone}
}

@article{EdwardSaunders2018GoldProcesses,
    title = {{Gold in the mantle: A global assessment of abundance and redistribution processes}},
    year = {2018},
    journal = {Lithos},
    author = {Edward Saunders, J. and Pearson, Norman J. and O’Reilly, Suzanne Y. and Griffin, William L.},
    month = {10},
    publisher = {Elsevier},
    url = {https://www.sciencedirect.com/science/article/pii/S0024493718303876},
    doi = {10.1016/J.LITHOS.2018.10.022},
    issn = {0024-4937}
}

@article{Mather2012HalogensHawaii,
    title = {{Halogens and trace metal emissions from the ongoing 2008 summit eruption of K{\={i}}lauea volcano, Hawa{\`{i}}i}},
    year = {2012},
    journal = {Geochimica et Cosmochimica Acta},
    author = {Mather, T. A. and Witt, M. L.I. and Pyle, D. M. and Quayle, B. M. and Aiuppa, A. and Bagnato, E. and Martin, R. S. and Sims, K. W.W. and Edmonds, M. and Sutton, A. J. and Ilyinskaya, E.},
    isbn = {0016-7037},
    doi = {10.1016/j.gca.2011.11.029},
    issn = {00167037}
}

@article{Richards2011HighWater,
    title = {{High Sr/Y ratio magmas and porphyry Cu,\- Mo,\- Au Deposits:Just add water}},
    year = {2011},
    journal = {Economic Geology},
    author = {Richards, Jeremy},
    number = {7},
    month = {11},
    pages = {1075--1081},
    volume = {106},
    url = {http://dx.doi.org/10.2113/econgeo.106.7.1075},
    doi = {10.2113/econgeo.106.7.1075},
    issn = {0361-0128}
}

@article{Benjamin2007HighRica,
    title = {{High water contents in basaltic magmas from Iraz{\'{u}} Volcano, Costa Rica}},
    year = {2007},
    journal = {Journal of Volcanology and Geothermal Research},
    author = {Benjamin, Ezra R. and Plank, Terry and Wade, Jennifer A. and Kelley, Katherine A. and Hauri, Erik H. and Alvarado, Guillermo E.},
    isbn = {0377-0273},
    doi = {10.1016/j.jvolgeores.2007.08.008},
    issn = {03770273},
    keywords = {arc, geochemistry, mantle, subduction, volatiles}
}

@article{Dupont2010HistoryStructures,
    title = {{History of biological metal utilization inferred through phylogenomic analysis of protein structures}},
    year = {2010},
    journal = {Proceedings of the National Academy of Sciences},
    author = {Dupont, C. L. and Butcher, A. and Valas, R. E. and Bourne, P. E. and Caetano-Anolles, G.},
    isbn = {1091-6490 (Electronic){\textbackslash}n0027-8424 (Linking)},
    doi = {10.1073/pnas.0912491107},
    issn = {0027-8424},
    pmid = {20498051}
}

@article{Perez-Campos2008HorizontalMexico,
    title = {{Horizontal subduction and truncation of the Cocos Plate beneath central Mexico}},
    year = {2008},
    journal = {Geophysical Research Letters},
    author = {P{\'{e}}rez-Campos, Xyoli and Kim, Young Hee and Husker, Allen and Davis, Paul M. and Clayton, Robert W. and Iglesias, Arturo and Pacheco, Javier F. and Singh, Shri K. and Manea, Vlad Constantin and Gurnis, Michael},
    isbn = {1944-8007},
    doi = {10.1029/2008GL035127},
    issn = {00948276}
}

@article{Perez-Campos2008HorizontalMexicob,
    title = {{Horizontal subduction and truncation of the Cocos Plate beneath central Mexico}},
    year = {2008},
    journal = {Geophysical Research Letters},
    author = {P{\'{e}}rez-Campos, Xyoli and Kim, Young Hee and Husker, Allen and Davis, Paul M. and Clayton, Robert W. and Iglesias, Arturo and Pacheco, Javier F. and Singh, Shri K. and Manea, Vlad Constantin and Gurnis, Michael},
    isbn = {1944-8007},
    doi = {10.1029/2008GL035127},
    issn = {00948276}
}

@article{MacKenzie2010ImagingAmerica,
    title = {{Imaging a steeply dipping subducting slab in Southern Central America}},
    year = {2010},
    journal = {Earth and Planetary Science Letters},
    author = {MacKenzie, Laura S. and Abers, Geoffrey A. and Rondenay, Stéphane and Fischer, Karen M.},
    isbn = {0012-821X},
    doi = {10.1016/j.epsl.2010.05.033},
    issn = {0012821X},
    keywords = {Central America, MARGINS, Receiver function migration, Subduction, Volcanic arcs, Wadati-Benioff Zones}
}

@article{Graedel1985InfluenceAcidity,
    title = {{Influence of transition metal complexes on atmospheric droplet acidity}},
    year = {1985},
    journal = {Nature},
    author = {Graedel, T. E. and Weschler, C. J. and Mandich, M. L.},
    number = {6034},
    month = {9},
    pages = {240--242},
    volume = {317},
    url = {http://www.nature.com/doifinder/10.1038/317240a0},
    doi = {10.1038/317240a0},
    issn = {0028-0836}
}

@article{Wawryk2017Iron-isotopeIndonesia,
    title = {{Iron-isotope systematics from the Batu Hijau Cu-Au deposit, Sumbawa, Indonesia}},
    year = {2017},
    journal = {Chemical Geology},
    author = {Wawryk, Christine M. and Foden, John D.},
    month = {9},
    pages = {159--172},
    volume = {466},
    publisher = {Elsevier},
    url = {https://www.sciencedirect.com/science/article/pii/S0009254117303625},
    doi = {10.1016/J.CHEMGEO.2017.06.004},
    issn = {0009-2541}
}

@article{Nadeau2016LinksDeposits,
    title = {{Links between arc volcanoes and porphyry-epithermal ore deposits}},
    year = {2016},
    journal = {Geology},
    author = {Nadeau, Olivier and Stix, John and Williams-Jones, Anthony E.},
    isbn = {0091-7613},
    doi = {10.1130/G37262.1},
    issn = {19432682}
}

@article{Carlile1994MagmaticIndonesia,
    title = {{Magmatic arcs and associated gold and copper mineralization in Indonesia}},
    year = {1994},
    journal = {Journal of Geochemical Exploration},
    author = {Carlile, J C and Mitchell, A H G},
    number = {1},
    pages = {91--142},
    volume = {50},
    url = {http://www.sciencedirect.com/science/article/pii/0375674294900221},
    doi = {https://doi.org/10.1016/0375-6742(94)90022-1},
    issn = {0375-6742}
}

@misc{Richards2011MagmaticMargins,
    title = {{Magmatic to hydrothermal metal fluxes in convergent and collided margins}},
    year = {2011},
    booktitle = {Ore Geology Reviews},
    author = {Richards, Jeremy P.},
    isbn = {01691368},
    doi = {10.1016/j.oregeorev.2011.05.006},
    issn = {01691368},
    keywords = {Epithermal deposit, Magmatic-hydrothermal fluid, Ore formation, Porphyry deposit, Post-subduction, Subduction}
}

@article{Jenner2016MajorLA-ICP-MS,
    title = {{Major and trace elerment analysis of natural and experimental igneous systems using LA-ICP-MS}},
    year = {2016},
    journal = {Elements},
    author = {Jenner, Frances E. and Arevalo, Ricardo D.},
    doi = {10.2113/gselements.12.5.311},
    issn = {18115217},
    keywords = {Chemical mapping, Experimental petrology, In situ LA-ICP-MS, Spatial resolution, Trace element}
}

@article{Hall2015MantleAsia,
    title = {{Mantle structure and tectonic history of SE Asia}},
    year = {2015},
    journal = {Tectonophysics},
    author = {Hall, Robert and Spakman, Wim},
    pages = {14--45},
    volume = {658},
    url = {http://www.sciencedirect.com/science/article/pii/S0040195115003698},
    doi = {https://doi.org/10.1016/j.tecto.2015.07.003},
    issn = {0040-1951},
    keywords = {Indonesia, Subduction, Tectonic reconstructions, Tomography}
}

@article{Xiong2018MappingAlgorithm,
    title = {{Mapping mineral prospectivity through big data analytics and a deep learning algorithm}},
    year = {2018},
    journal = {Ore Geology Reviews},
    author = {Xiong, Yihui and Zuo, Renguang and Carranza, Emmanuel John M},
    url = {http://www.sciencedirect.com/science/article/pii/S0169136818303901},
    doi = {https://doi.org/10.1016/j.oregeorev.2018.10.006},
    issn = {0169-1368},
    keywords = {Big data, Deep learning, GIS, Mapping mineral prospectivity}
}

@article{Hinkley1999MetalVolcanoes,
    title = {{Metal emissions from Kilauea, and a suggested revision of the estimated worldwide metal output by quiescent degassing of volcanoes}},
    year = {1999},
    journal = {Earth and Planetary Science Letters},
    author = {Hinkley, Todd K. and Lamothe, Paul J. and Wilson, Stephen A. and Finnegan, David L. and Gerlach, Terrence M.},
    isbn = {0012-821X},
    doi = {10.1016/S0012-821X(99)00103-X},
    issn = {0012821X},
    keywords = {Injection degassing, Kilauea, Trace elements, Trace metals, Volcanoes}
}

@article{Heinrich1999MetalInclusions,
    title = {{Metal fractionation between magmatic brine and vapor, determined by microanalysis of fluid inclusions}},
    year = {1999},
    journal = {Geology},
    author = {Heinrich, C. A. and G{\"{u}}nther, D. and Aud{\'{e}}tat, A. and Ulrich, T. and Frischknecht, R.},
    isbn = {0091-7613},
    doi = {10.1130/0091-7613(1999)027<0755:MFBMBA>2.3.CO;2},
    issn = {00917613}
}

@techreport{Ober2018Mineral2018,
    title = {{Mineral commodity summaries 2018}},
    year = {2018},
    author = {Ober, Joyce A},
    publisher = {US Geological Survey},
    url = {https://minerals.usgs.gov/minerals/pubs/mcs/2018/mcs2018.pdf}
}

@misc{Henley2013NaturesVolcanoes,
    title = {{Nature's refineries - Metals and metalloids in arc volcanoes}},
    year = {2013},
    booktitle = {Earth-Science Reviews},
    author = {Henley, R. W. and Berger, B. R.},
    isbn = {0012-8252},
    doi = {10.1016/j.earscirev.2013.07.007},
    issn = {00128252},
    keywords = {Fumarole, Gold, Magmatic gas, Plume, Porphyry copper}
}

@article{Debret2018Ore3614N,
    title = {{Ore component mobility, transport and mineralization at mid-oceanic ridges: A stable isotopes (Zn, Cu and Fe) study of the Rainbow massif (Mid-Atlantic Ridge 36{${}^\circ$}14′N)}},
    year = {2018},
    journal = {Earth and Planetary Science Letters},
    author = {Debret, B. and Beunon, H. and Mattielli, N. and Andreani, M. and Ribeiro da Costa, I. and Escartin, J.},
    month = {12},
    pages = {170--180},
    volume = {503},
    publisher = {Elsevier},
    url = {https://www.sciencedirect.com/science/article/pii/S0012821X18305405},
    doi = {10.1016/J.EPSL.2018.09.009},
    issn = {0012-821X}
}

@article{Turner2016ParentalStructure,
    title = {{Parental arc magma compositions dominantly controlled by mantle-wedge thermal structure}},
    year = {2016},
    journal = {Nature Geoscience},
    author = {Turner, S.J. and Langmuir, C.H. and Katz, R.F. and Dungan, M.A. and Escrig, S.},
    number = {10},
    volume = {9},
    isbn = {1752-0894},
    doi = {10.1038/ngeo2788},
    issn = {17520908}
}

@article{Patten2013PartitionDroplets,
    title = {{Partition coefficients of chalcophile elements between sulfide and silicate melts and the early crystallization history of sulfide liquid: LA-ICP-MS analysis of MORB sulfide droplets}},
    year = {2013},
    journal = {Chemical Geology},
    author = {Patten, Clifford and Barnes, Sarah Jane and Mathez, Edmond A. and Jenner, Frances E.},
    isbn = {0009-2541},
    doi = {10.1016/j.chemgeo.2013.08.040},
    issn = {00092541},
    keywords = {Chalcophile element, Partition coefficient, Platinum-group element, Sulfide crystallization, Sulfide droplet}
}

@article{Liu2014PartitioningConditions,
    title = {{Partitioning of copper between olivine, orthopyroxene, clinopyroxene, spinel, garnet and silicate melts at upper mantle conditions}},
    year = {2014},
    journal = {Geochimica et Cosmochimica Acta},
    author = {Liu, Xingcheng and Xiong, Xiaolin and Aud{\'{e}}tat, Andreas and Li, Yuan and Song, Maoshuang and Li, Li and Sun, Weidong and Ding, Xing},
    isbn = {0016-7037},
    doi = {10.1016/j.gca.2013.09.039},
    issn = {00167037}
}

@article{Liu2014PartitioningConditionsb,
    title = {{Partitioning of copper between olivine, orthopyroxene, clinopyroxene, spinel, garnet and silicate melts at upper mantle conditions}},
    year = {2014},
    journal = {Geochimica et Cosmochimica Acta},
    author = {Liu, Xingcheng and Xiong, Xiaolin and Aud{\'{e}}tat, Andreas and Li, Yuan and Song, Maoshuang and Li, Li and Sun, Weidong and Ding, Xing},
    isbn = {0016-7037},
    doi = {10.1016/j.gca.2013.09.039},
    issn = {00167037}
}

@article{Li2012PartitioningConditions,
    title = {{Partitioning of V,Mn, Co, Ni,Cu,Zn\-,As\-,Mo,Ag,Sn,Sb,W,Au,Pb, and Bi between sulphide phases and hydrous basanite melt at upper mantle conditions}},
    year = {2012},
    journal = {Earth and Planetary Science Letters},
    author = {Li, Yuan and Audetat, Andreas},
    doi = {10.1016/j.epsl.2012.08.008},
    keywords = {experimental partitioning sulfide silicate melt up}
}

@article{Streck2006PlagioclaseRica,
    title = {{Plagioclase and pyroxene hosted melt inclusions in basaltic andesites of the current eruption of Arenal volcano, Costa Rica}},
    year = {2006},
    journal = {Journal of Volcanology and Geothermal Research},
    author = {Streck, Martin J. and Wacaster, Sue},
    isbn = {0377-0273},
    doi = {10.1016/j.jvolgeores.2006.03.040},
    issn = {03770273},
    keywords = {anorthitic plagioclase, melt extraction, melt inclusion, mixed andesites, post-entrapment crystallization, volatiles}
}

@article{Sillitoe2010PorphyrySystems,
    title = {{Porphyry Copper Systems*}},
    year = {2010},
    journal = {Economic Geology},
    author = {Sillitoe, Richard H},
    number = {1},
    month = {1},
    pages = {3--41},
    volume = {105},
    url = {http://dx.doi.org/10.2113/gsecongeo.105.1.3},
    issn = {0361-0128}
}

@misc{Sun2015PorphyryMagmas,
    title = {{Porphyry deposits and oxidized magmas}},
    year = {2015},
    booktitle = {Ore Geology Reviews},
    author = {Sun, Weidong and Huang, Rui fang and Li, He and Hu, Yong bin and Zhang, Chan chan and Sun, Sai jun and Zhang, Li peng and Ding, Xing and Li, Cong ying and Zartman, Robert E. and Ling, Ming xing},
    isbn = {0169-1368},
    doi = {10.1016/j.oregeorev.2014.09.004},
    issn = {01691368},
    keywords = {Adakite, Arc magmas, Oxidized magmas, Oxygen fugacity, Plate subduction, Porphyry deposit, Ridge subduction, Slab melts}
}

@article{Sun2015PorphyryMagmasb,
    title = {{Porphyry deposits and oxidized magmas}},
    year = {2015},
    journal = {Ore Geology Reviews},
    author = {Sun, Weidong and Huang, Rui fang and Li, He and Hu, Yong bin and Zhang, Chan chan and Sun, Sai jun and Zhang, Li peng and Ding, Xing and Li, Cong ying and Zartman, Robert E. and Ling, Ming xing},
    isbn = {0169-1368},
    doi = {10.1016/j.oregeorev.2014.09.004},
    issn = {01691368}
}

@misc{Whattam2018PrimitiveInitiation,
    title = {{Primitive Magmas in the Early Central American Volcanic Arc System Generated by Plume-Induced Subduction Initiation}},
    year = {2018},
    booktitle = {Frontiers in Earth Science},
    author = {Whattam, Scott A},
    pages = {114},
    volume = {6},
    url = {https://www.frontiersin.org/article/10.3389/feart.2018.00114},
    isbn = {2296-6463}
}

@article{Allard2016ProdigiousArc,
    title = {{Prodigious emission rates and magma degassing budget of major, trace and radioactive volatile species from Ambrym basaltic volcano, Vanuatu island Arc}},
    year = {2016},
    journal = {Journal of Volcanology and Geothermal Research},
    author = {Allard, P. and Aiuppa, A. and Bani, P. and M{\"{i}}¿½trich, N. and Bertagnini, A. and Gauthier, P. J. and Shinohara, H. and Sawyer, G. and Parello, F. and Bagnato, E. and Pelletier, B. and Garaebiti, E.},
    doi = {10.1016/j.jvolgeores.2015.10.004},
    issn = {03770273},
    keywords = {Ambrym, Magma degassing budget, Magma reservoir, Radioactive disequilibria, Vanuatu, Volatile fluxes}
}

@article{Juliani2018ResourceModels,
    title = {{Resource Assessment of Undiscovered Seafloor Massive Sulfide Deposits on an Arctic Mid-Ocean Ridge: Application of grade and tonnage models}},
    year = {2018},
    journal = {Ore Geology Reviews},
    author = {Juliani, Cyril and Ellefmo, Steinar Løve},
    url = {http://www.sciencedirect.com/science/article/pii/S0169136818304372},
    doi = {https://doi.org/10.1016/j.oregeorev.2018.10.002},
    issn = {0169-1368},
    keywords = {Grade, Mid-ocean ridge, Resource assessment, Seafloor massive sulfide, Tonnage}
}

@article{LeVaillant2017RoleEvent,
    title = {{Role of degassing of the Noril’sk nickel deposits in the Permian–Triassic mass extinction event}},
    year = {2017},
    journal = {Proceedings of the National Academy of Sciences},
    author = {Le Vaillant, Margaux and Barnes, Stephen J. and Mungall, James E. and Mungall, Emma L.},
    doi = {10.1073/pnas.1611086114},
    issn = {0027-8424},
    pmid = {28223492}
}

@article{Cervantes2003RoleMexico,
    title = {{Role of H2O in subduction-zone magmatism: New insights from melt inclusions in high-Mg basalts from central Mexico}},
    year = {2003},
    journal = {Geology},
    author = {Cervantes, Pablo and Wallace, Paul J.},
    isbn = {0091-7613},
    doi = {10.1130/0091-7613(2003)031<0235:ROHOIS>2.0.CO;2},
    issn = {00917613},
    keywords = {Basalt, Magma, Subduction zones, Trace elements, Volatiles, Water}
}

@article{Goldfarb2010SecularGeology,
    title = {{Secular variation in economic geology}},
    year = {2010},
    journal = {Economic Geology},
    author = {Goldfarb, R. J. and Bradley, D. and Leach, D. L.},
    isbn = {0361-0128},
    doi = {10.2113/gsecongeo.105.3.459},
    issn = {0361-0128}
}

@article{Kim2012SeismicMexico,
    title = {{Seismic imaging of the Cocos plate subduction zone system in central Mexico}},
    year = {2012},
    journal = {Geochemistry, Geophysics, Geosystems},
    author = {Kim, Younghee and Miller, Meghan S. and Pearce, Frederick and Clayton, Robert W.},
    isbn = {15252027},
    doi = {10.1029/2012GC004033},
    issn = {15252027},
    keywords = {Mexico, inversion, mantle wedge, oceanic crust, subduction zone, volcanic arc}
}

@article{Kim2012SeismicMexicob,
    title = {{Seismic imaging of the Cocos plate subduction zone system in central Mexico}},
    year = {2012},
    journal = {Geochemistry, Geophysics, Geosystems},
    author = {Kim, Younghee and Miller, Meghan S. and Pearce, Frederick and Clayton, Robert W.},
    isbn = {15252027},
    doi = {10.1029/2012GC004033},
    issn = {15252027},
    keywords = {Mexico, inversion, mantle wedge, oceanic crust, subduction zone, volcanic arc}
}

@article{Sharma2018SeismicProvince,
    title = {{Seismic Imprints of Plume-Lithosphere Interaction Beneath the Northwestern Deccan Volcanic Province}},
    year = {2018},
    journal = {Journal of Geophysical Research: Solid Earth},
    author = {Sharma, Jyoti and Kumar, M Ravi and Singha Roy, Ketan and S. Roy, P N},
    number = {ja},
    month = {11},
    volume = {0},
    publisher = {John Wiley {\&} Sons, Ltd},
    url = {https://doi.org/10.1029/2018JB015947},
    doi = {10.1029/2018JB015947},
    issn = {2169-9313},
    keywords = {Deccan Volcanic Province, Lithosphere-Asthenosphere Boundary, Magmatic Underplating, Plume - Lithosphere Interaction, Surface Wave Tomography}
}

@article{Syracuse2008SeismicMantle,
    title = {{Seismic tomography and earthquake locations in the Nicaraguan and Costa Rican upper mantle}},
    year = {2008},
    journal = {Geochemistry, Geophysics, Geosystems},
    author = {Syracuse, Ellen M. and Abers, Geoffrey A. and Fischer, Karen and MacKenzie, Laura and Rychert, Catherine and Protti, Marino and Gonz{\'{a}}lez, Víctor and Strauch, Wilfried},
    isbn = {1525-2027},
    doi = {10.1029/2008GC001963},
    issn = {15252027},
    keywords = {Melt, Seismic velocities, Serpentine, Slab, Subduction}
}

@article{Zajacz2013SolubilityMagmas,
    title = {{Solubility and partitioning behavior of Au, Cu, Ag and reduced S in magmas}},
    year = {2013},
    journal = {Geochimica et Cosmochimica Acta},
    author = {Zajacz, Zoltán and Candela, Philip A. and Piccoli, Philip M. and Sanchez-Valle, Carmen and W{\"{a}}lle, Markus},
    isbn = {00167037},
    doi = {10.1016/j.gca.2013.02.026},
    issn = {00167037}
}

@article{Smith2017SourceReview,
    title = {{Source to surface model of monogenetic volcanism: a critical review}},
    year = {2017},
    journal = {Geological Society, London, Special Publications},
    author = {Smith, I E M and N{\'{e}}meth, K},
    number = {1},
    month = {1},
    pages = {1 LP - 28},
    volume = {446},
    url = {http://sp.lyellcollection.org/content/446/1/1.abstract}
}

@article{Sadofsky2008SubductionInclusions,
    title = {{Subduction cycling of volatiles and trace elements through the Central American volcanic arc: Evidence from melt inclusions}},
    year = {2008},
    journal = {Contributions to Mineralogy and Petrology},
    author = {Sadofsky, Seth J. and Portnyagin, Maxim and Hoernle, Kaj and van den Bogaard, Paul},
    isbn = {0010-7999},
    doi = {10.1007/s00410-007-0251-3},
    issn = {00107999}
}

@article{Vannucchi2016SubductionImplications,
    title = {{Subduction erosion, and the de-construction of continental crust: The Central America case and its global implications}},
    year = {2016},
    journal = {Gondwana Research},
    author = {Vannucchi, Paola and Morgan, Jason P and Balestrieri, Maria Laura},
    pages = {184--198},
    volume = {40},
    url = {http://www.sciencedirect.com/science/article/pii/S1342937X16302519},
    doi = {https://doi.org/10.1016/j.gr.2016.10.001},
    issn = {1342-937X},
    keywords = {Apatite fission track, Central America, Ocean drilling, Subduction erosion}
}

@article{Rosenbaum2005SubductionPeru,
    title = {{Subduction of the Nazca Ridge and the Inca Plateau: Insights into the formation of ore deposits in Peru}},
    year = {2005},
    journal = {Earth and Planetary Science Letters},
    author = {Rosenbaum, Gideon and Giles, David and Saxon, Mark and Betts, Peter G and Weinberg, Roberto F and Duboz, Cecile},
    number = {1},
    pages = {18--32},
    volume = {239},
    url = {http://www.sciencedirect.com/science/article/pii/S0012821X0500525X},
    doi = {https://doi.org/10.1016/j.epsl.2005.08.003},
    issn = {0012-821X},
    keywords = {Nazca Ridge, Peru, ore deposits, plate reconstruction, subduction}
}

@article{Husen2003Subduction-zoneModelling,
    title = {{Subduction-zone structure and magmatic processes beneath Costa Rica constrained by local earthquake tomography and petrological modelling}},
    year = {2003},
    journal = {Geophysical Journal International},
    author = {Husen, S. and Quintero, R. and Kissling, E. and Hacker, B.},
    doi = {10.1046/j.1365-246X.2003.01984.x},
    issn = {0956540X},
    keywords = {Crustal structure, Earthquake location, Mineralogy, Seismic tomography, Subduction}
}

@article{Metrich1996SulfurMelts,
    title = {{Sulfur abundance and its speciation in oxidized alkaline melts}},
    year = {1996},
    journal = {Geochimica et Cosmochimica Acta},
    author = {Metrich, Nicole and Clocchiatti, Robert},
    isbn = {0016-7037},
    doi = {10.1016/S0016-7037(96)00229-3},
    issn = {00167037}
}

@article{Liu2007SulfurMelts,
    title = {{Sulfur concentration at sulfide saturation (SCSS) in magmatic silicate melts}},
    year = {2007},
    journal = {Geochimica et Cosmochimica Acta},
    author = {Liu, Yanan and Samaha, Naji Tom and Baker, Don R.},
    isbn = {0016-7037},
    doi = {10.1016/j.gca.2007.01.004},
    issn = {00167037}
}

@article{Wallace1992SulfurMagmas,
    title = {{Sulfur in basaltic magmas}},
    year = {1992},
    journal = {Geochimica et Cosmochimica Acta},
    author = {Wallace, Paul and Carmichael, Ian S E},
    isbn = {0016-7037},
    doi = {10.1016/0016-7037(92)90316-B},
    issn = {00167037}
}

@article{Nadeau2010SulphideFluids,
    title = {{Sulphide magma as a source of metals in arc-related magmatic hydrothermal ore fluids}},
    year = {2010},
    journal = {Nature Geoscience},
    author = {Nadeau, Olivier and Williams-Jones, Anthony E. and Stix, John},
    isbn = {1752-0894},
    doi = {10.1038/ngeo899},
    issn = {17520894}
}

@article{Canil2017SulphidesulphateTime,
    title = {{Sulphide–sulphate stability and melting in subducted sediment and its role in arc mantle redox and chalcophile cycling in space and time}},
    year = {2017},
    journal = {Earth and Planetary Science Letters},
    author = {Canil, Dante and Fellows, Steven A.},
    isbn = {0012-821X},
    doi = {10.1016/j.epsl.2017.04.028},
    issn = {0012821X},
    keywords = {arc, chalcophile, redox, sediments, subduction, sulphur}
}

@article{Spakman2010SurfaceRollback,
    title = {{Surface deformation and slab–mantle interaction during Banda arc subduction rollback}},
    year = {2010},
    journal = {Nature Geoscience},
    author = {Spakman, Wim and Hall, Robert},
    month = {7},
    pages = {562},
    volume = {3},
    publisher = {Nature Publishing Group},
    url = {http://dx.doi.org/10.1038/ngeo917 http://10.0.4.14/ngeo917 https://www.nature.com/articles/ngeo917#supplementary-information}
}

@article{Keith2017SystematicArcs,
    title = {{Systematic variations in magmatic sulphide chemistry from mid-ocean ridges, back-arc basins and island arcs}},
    year = {2017},
    journal = {Chemical Geology},
    author = {Keith, Manuel and Haase, Karsten M. and Klemd, Reiner and Schwarz-Schampera, Ulrich and Franke, Henrike},
    isbn = {0009-2541},
    doi = {10.1016/j.chemgeo.2016.12.028},
    issn = {00092541},
    keywords = {Chalcophile elements, Magmatic sulphides, Monosulphide solid solutions, Oxygen fugacity, Sulphur saturation}
}

@article{Maryono2018TectonicsIndonesia,
    title = {{Tectonics and geology of porphyry Cu-Au deposits along the eastern Sunda magmatic arc, Indonesia}},
    year = {2018},
    journal = {Economic Geology},
    author = {Maryono, Adi and Harrison, Rachel L. and Cooke, David R. and Rompo, Iryanto and Hoschke, Terence G.},
    doi = {10.5382/econgeo.2018.4542},
    issn = {15540774}
}

@article{Nielsen2017ThalliumAmerica,
    title = {{Thallium isotopes as tracers of recycled materials in subduction zones: Review and new data for lavas from Tonga-Kermadec and Central America}},
    year = {2017},
    journal = {Journal of Volcanology and Geothermal Research},
    author = {Nielsen, Sune G and Prytulak, Julie and Blusztajn, Jerzy and Shu, Yunchao and Auro, Maureen and Regelous, Marcel and Walker, Jim},
    pages = {23--40},
    volume = {339},
    url = {http://www.sciencedirect.com/science/article/pii/S0377027316305212},
    doi = {https://doi.org/10.1016/j.jvolgeores.2017.04.024},
    issn = {0377-0273}
}

@article{Jenner2015TheMelts,
    title = {{The competing effects of sulfide saturation versus degassing on the behavior of the chalcophile elements during the differentiation of hydrous melts}},
    year = {2015},
    journal = {Geochemistry, Geophysics, Geosystems},
    author = {Jenner, Frances E. and Hauri, Erik H. and Bullock, Emma S. and K{\"{o}}nig, Stephan and Arculus, Richard J. and Mavrogenes, John A. and Mikkelson, Nicole and Goddard, Charlotte},
    isbn = {0148-0227},
    doi = {10.1002/2014GC005670},
    issn = {15252027},
    pmid = {6681020133893787756},
    arxivId = {arXiv:1605.08479},
    keywords = {chalcophile, convergent margin, degassing, magma mixing, mid-ocean ridge basalt, sulfide}
}

@article{Johnson2011TheApplications,
    title = {{The degassing behavior of Au, Tl, As, Pb, Re, Cd and Bi from silicate liquids: Experiments and applications}},
    year = {2011},
    journal = {Geochimica et Cosmochimica Acta},
    author = {Johnson, Angela and Canil, Dante},
    isbn = {0016-7037},
    doi = {10.1016/j.gca.2010.12.023},
    issn = {00167037}
}

@misc{Ferrari2012TheZone,
    title = {{The dynamic history of the Trans-Mexican Volcanic Belt and the Mexico subduction zone}},
    year = {2012},
    booktitle = {Tectonophysics},
    author = {Ferrari, Luca and Orozco-Esquivel, Teresa and Manea, Vlad and Manea, Marina},
    isbn = {0040-1951},
    doi = {10.1016/j.tecto.2011.09.018},
    issn = {00401951},
    keywords = {Arc volcanism, Cocos plate, Mexico crust and lithosphere, Rivera plate, Subduction dynamics, Trans-Mexican Volcanic Belt}
}

@article{Matjuschkin2016TheDeposits,
    title = {{The effect of pressure on sulphur speciation in mid- to deep-crustal arc magmas and implications for the formation of porphyry copper deposits}},
    year = {2016},
    journal = {Contributions to Mineralogy and Petrology},
    author = {Matjuschkin, Vladimir and Blundy, Jon D. and Brooker, Richard A.},
    doi = {10.1007/s00410-016-1274-4},
    issn = {00107999},
    keywords = {Hydrous magma, Oxygen fugacity, Phase relations, Porphyry copper deposit, Sulphur solubility and speciation}
}

@article{Turner2015TheProcesses,
    title = {{The global chemical systematics of arc front stratovolcanoes: Evaluating the role of crustal processes}},
    year = {2015},
    journal = {Earth and Planetary Science Letters},
    author = {Turner, S.J. and Langmuir, C.H.},
    volume = {422},
    isbn = {0012-821X},
    doi = {10.1016/j.epsl.2015.03.056},
    issn = {0012821X},
    keywords = {Arc, Chemistry, Global, Petrology, Subduction, Volcano}
}

@article{StC.ONeill2012TheBasalts,
    title = {{The global pattern of trace-element distributions in ocean floor basalts}},
    year = {2012},
    journal = {Nature},
    author = {St C. O’Neill, Hugh and Jenner, Frances E},
    month = {11},
    pages = {698},
    volume = {491},
    publisher = {Nature Publishing Group, a division of Macmillan Publishers Limited. All Rights Reserved.},
    url = {https://doi.org/10.1038/nature11678 http://10.0.4.14/nature11678 https://www.nature.com/articles/nature11678#supplementary-information}
}

@article{Syracuse2010TheModels,
    title = {{The global range of subduction zone thermal models}},
    year = {2010},
    journal = {Physics of the Earth and Planetary Interiors},
    author = {Syracuse, Ellen M. and van Keken, Peter E. and Abers, Geoffrey A.},
    number = {1-2},
    month = {11},
    pages = {73--90},
    volume = {183},
    publisher = {Elsevier},
    url = {https://www.sciencedirect.com/science/article/pii/S0031920110000300},
    doi = {10.1016/J.PEPI.2010.02.004},
    issn = {0031-9201}
}

@article{Schmidt2017TheMelts,
    title = {{The global systematics of primitive arc melts}},
    year = {2017},
    journal = {Geochemistry, Geophysics, Geosystems},
    author = {Schmidt, M W and Jagoutz, O},
    number = {8},
    month = {6},
    pages = {2817--2854},
    volume = {18},
    publisher = {Wiley-Blackwell},
    url = {https://doi.org/10.1002/2016GC006699},
    doi = {10.1002/2016GC006699},
    issn = {1525-2027},
    keywords = {boninites, calc-alkaline andesites and basalts, primitive arc melts, slab component, tholeiitic basalts, wedge mantle}
}

@article{Turner2017TheEM1,
    title = {{The importance of mantle wedge heterogeneity to subduction zone magmatism and the origin of EM1}},
    year = {2017},
    journal = {Earth and Planetary Science Letters},
    author = {Turner, S.J. and Langmuir, C.H. and Dungan, M.A. and Escrig, S.},
    volume = {472},
    doi = {10.1016/j.epsl.2017.04.051},
    issn = {0012821X},
    keywords = {EM1, SVZ, ambient, heterogeneity, mantle, subduction}
}

@article{Carn2000TheHazards,
    title = {{The Lamongan volcanic field, East Java, Indonesia: physical volcanology, historic activity and hazards}},
    year = {2000},
    journal = {Journal of Volcanology and Geothermal Research},
    author = {Carn, Simon A},
    number = {1-4},
    month = {1},
    pages = {81--108},
    volume = {95},
    publisher = {Elsevier},
    url = {https://www.sciencedirect.com/science/article/pii/S0377027399001146},
    doi = {10.1016/S0377-0273(99)00114-6},
    issn = {0377-0273}
}

@article{Jenner2010TheCu,
    title = {{The magnetite crisis in the evolution of arc-related magmas and the initial concentration of Au, Ag and Cu}},
    year = {2010},
    journal = {Journal of Petrology},
    author = {Jenner, Frances E. and O'Neill, Hugh St C. and Arculus, Richard J. and Mavrogenes, John A.},
    isbn = {0022-3530},
    doi = {10.1093/petrology/egq063},
    issn = {00223530},
    arxivId = {u, Cu, and Ag are built up in the evol- ving Pual Ridge liquids to levels considerably in excess of those in MORB because, unlikeMORB, they are not saturated in a sulfide phase, which is a consequence of their being more oxidized than MORB.The behaviour o},
    keywords = {Chalcophile, Magnetite, Selenium, Subduction, Sulfide}
}

@article{Gardiner2014TheMyanmar,
    title = {{The metallogenic provinces of Myanmar}},
    year = {2014},
    journal = {Applied Earth Science},
    author = {Gardiner, N J and Robb, L J and Searle, M P},
    number = {1},
    month = {3},
    pages = {25--38},
    volume = {123},
    publisher = {Taylor {\&} Francis},
    url = {https://doi.org/10.1179/1743275814Y.0000000049},
    doi = {10.1179/1743275814Y.0000000049},
    issn = {0371-7453}
}

@misc{Richards2014TheMetallogeny,
    title = {{The oxidation state, and sulfur and Cu contents of arc magmas: Implications for metallogeny}},
    year = {2014},
    booktitle = {Lithos},
    author = {Richards, Jeremy P.},
    isbn = {0024-4937},
    doi = {10.1016/j.lithos.2014.12.011},
    issn = {18726143},
    keywords = {Copper, Gold, Magma, Oxidation state, Porphyry, Sulfur}
}

@article{DSouza2018TheZones,
    title = {{The partitioning of chalcophile elements between sediment melts and fluids at 3 GPa, 950–1050 {${}^\circ$}C with implications for slab fluids in subduction zones}},
    year = {2018},
    journal = {Earth and Planetary Science Letters},
    author = {D'Souza, Rameses J and Canil, Dante},
    pages = {215--225},
    volume = {498},
    url = {http://www.sciencedirect.com/science/article/pii/S0012821X18303881},
    doi = {https://doi.org/10.1016/j.epsl.2018.06.037},
    issn = {0012-821X},
    keywords = {Mo/Ce, chalcophile elements, experimental petrology, fluid–melt partitioning, sediment melting, subduction}
}

@article{Zajacz2012TheCations,
    title = {{The partitioning of sulfur and chlorine between andesite melts and magmatic volatiles and the exchange coefficients of major cations}},
    year = {2012},
    journal = {Geochimica et Cosmochimica Acta},
    author = {Zajacz, Zoltán and Candela, Philip A. and Piccoli, Philip M. and Sanchez-Valle, Carmen},
    isbn = {00167037},
    doi = {10.1016/j.gca.2012.04.039},
    issn = {00167037},
    pmid = {21350173}
}

@article{Evans2011TheFertility,
    title = {{The relationship between subduction zone redox budget and arc magma fertility}},
    year = {2011},
    journal = {Earth and Planetary Science Letters},
    author = {Evans, K. A. and Tomkins, A. G.},
    isbn = {0012-821X},
    doi = {10.1016/j.epsl.2011.06.009},
    issn = {0012821X},
    keywords = {Copper, Gold, Iron, Porphyry, Redox, Subduction}
}

@article{Hedenquist1994TheDeposits,
    title = {{The role of magmas in the formation of hydrothermal ore deposits}},
    year = {1994},
    journal = {Nature},
    author = {Hedenquist, Jeffrey W. and Lowenstern, Jacob B.},
    number = {6490},
    month = {8},
    pages = {519--527},
    volume = {370},
    url = {http://www.nature.com/doifinder/10.1038/370519a0},
    isbn = {0028-0836},
    doi = {10.1038/370519a0},
    issn = {0028-0836},
    pmid = {25246403},
    arxivId = {arXiv:1011.1669v3}
}

@article{Etschmann2018TheStudy,
    title = {{The role of Pb(II) complexes in hydrothermal mass transfer: An X-ray absorption spectroscopic study}},
    year = {2018},
    journal = {Chemical Geology},
    author = {Etschmann, Barbara E. and Mei, Yuan and Liu, Weihua and Sherman, Dave and Testemale, Denis and M{\"{u}}ller, Harald and Rae, Nicholas and Kappen, Peter and Brugger, Joël},
    month = {10},
    publisher = {Elsevier},
    url = {https://www.sciencedirect.com/science/article/pii/S0009254118305254},
    doi = {10.1016/J.CHEMGEO.2018.10.022},
    issn = {0009-2541}
}

@article{Vigouroux2012TheIndonesia,
    title = {{The sources of volatile and fluid-mobile elements in the Sunda arc: A melt inclusion study from Kawah Ijen and Tambora volcanoes, Indonesia}},
    year = {2012},
    journal = {Geochemistry, Geophysics, Geosystems},
    author = {Vigouroux, Nathalie and Wallace, Paul J and Williams-Jones, Glyn and Kelley, Katherine and Kent, Adam J R and Williams-Jones, Anthony E},
    number = {9},
    month = {9},
    volume = {13},
    publisher = {John Wiley {\&} Sons, Ltd},
    url = {https://doi.org/10.1029/2012GC004192},
    doi = {10.1029/2012GC004192},
    issn = {1525-2027},
    keywords = {H2O-rich fluid, Sunda arc, fluid-mobile element, melt inclusion, subduction zone, volatile element}
}

@article{Gardiner2016TheSystem,
    title = {{The tectonic and metallogenic framework of Myanmar: A Tethyan mineral system}},
    year = {2016},
    journal = {Ore Geology Reviews},
    author = {Gardiner, Nicholas J and Robb, Laurence J and Morley, Christopher K and Searle, Michael P and Cawood, Peter A and Whitehouse, Martin J and Kirkland, Christopher L and Roberts, Nick M W and Myint, Tin Aung},
    pages = {26--45},
    volume = {79},
    url = {http://www.sciencedirect.com/science/article/pii/S0169136816301056},
    doi = {https://doi.org/10.1016/j.oregeorev.2016.04.024},
    issn = {0169-1368}
}

@article{Wade2006TheRica,
    title = {{The volatile content of magmas from Arenal volcano, Costa Rica}},
    year = {2006},
    journal = {Journal of Volcanology and Geothermal Research},
    author = {Wade, Jennifer A. and Plank, Terry and Melson, William G. and Soto, Gerardo J. and Hauri, Erik H.},
    isbn = {0377-0273},
    doi = {10.1016/j.jvolgeores.2006.03.045},
    issn = {03770273},
    keywords = {Central America, magma evolution, subduction, volatiles, water content}
}

@article{Peacock2005ThermalZone,
    title = {{Thermal structure of the Costa Rica - Nicaragua subduction zone}},
    year = {2005},
    journal = {Physics of the Earth and Planetary Interiors},
    author = {Peacock, Simon M. and van Keken, Peter E. and Holloway, Stephen D. and Hacker, Bradley R. and Abers, Geoffrey A. and Fergason, Robin L.},
    isbn = {doi:10.1016/j.pepi.2004.08.030},
    doi = {10.1016/j.pepi.2004.08.030},
    issn = {00319201},
    arxivId = {n/},
    keywords = {Arc magmatism, Lithosphere, Metamorphism, Subduction, Thermal modelling}
}

@article{Moune2010TraceNicaragua,
    title = {{Trace elements in the particulate phase of the plume of Masaya Volcano, Nicaragua}},
    year = {2010},
    journal = {Journal of Volcanology and Geothermal Research},
    author = {Moune, Séverine and Gauthier, Pierre J. and Delmelle, Pierre},
    isbn = {03770273},
    doi = {10.1016/j.jvolgeores.2010.04.004},
    issn = {03770273},
    keywords = {Masaya Volcano, Trace elements, Volcanic aerosols, Volcanic emission rates}
}

@article{Guo2017TransferStudy,
    title = {{Transfer of volatiles and metals from mafic to felsic magmas in composite magma chambers: An experimental study}},
    year = {2017},
    journal = {Geochimica et Cosmochimica Acta},
    author = {Guo, Haihao and Aud{\'{e}}tat, Andreas},
    isbn = {0016-7037},
    doi = {10.1016/j.gca.2016.11.029},
    issn = {00167037},
    keywords = {Fluid inclusions, LA-ICP-MS, Magma degassing, Metal volatility, Volatile fluxing}
}

@article{Mungall2015TransportBubbles,
    title = {{Transport of metals and sulphur in magmas by flotation of sulphide melt on vapour bubbles}},
    year = {2015},
    journal = {Nature Geoscience},
    author = {Mungall, J. E. and Brenan, J. M. and Godel, B. and Barnes, S. J. and Gaillard, F.},
    isbn = {1752-0894},
    doi = {10.1038/ngeo2373},
    issn = {17520908}
}

@article{Wilkinson2013TriggersArcs,
    title = {{Triggers for the formation of porphyry ore deposits in magmatic arcs}},
    year = {2013},
    journal = {Nature Geoscience},
    author = {Wilkinson, Jamie J},
    month = {10},
    pages = {917},
    volume = {6},
    publisher = {Nature Publishing Group, a division of Macmillan Publishers Limited. All Rights Reserved.},
    url = {http://dx.doi.org/10.1038/ngeo1940 http://10.0.4.14/ngeo1940 https://www.nature.com/articles/ngeo1940#supplementary-information}
}

@article{Gauthier1998Variability1995,
    title = {{Variability of alkali and heavy metal fluxes released by Mt. Etna volcano, Sicily, between 1991 and 1995}},
    year = {1998},
    journal = {Journal of Volcanology and Geothermal Research},
    author = {Gauthier, Pierre J. and Le Cloarec, Marie Françoise},
    isbn = {0377-0273},
    doi = {10.1016/S0377-0273(98)00002-X},
    issn = {03770273}
}

@article{Edmonds2017VolcanicOutgassing,
    title = {{Volcanic sulfides and outgassing}},
    year = {2017},
    journal = {Elements},
    author = {Edmonds, Marie and Mather, Tamsin A.},
    doi = {10.2113/gselements.13.2.105},
    issn = {18115217},
    keywords = {Eruptions, Metals, Outgassing, Partitioning, Sulfide, Vapour}
}

@incollection{Carr2004VolcanismProblems,
    title = {{Volcanism and geochemistry in central America: Progress and problems}},
    year = {2004},
    booktitle = {Geophysical Monograph Series},
    author = {Carr, M. J. and Feigenson, M. D. and Patino, L. C. and Walker, J. A.},
    isbn = {9781118668573},
    doi = {10.1029/138GM09},
    issn = {23288779}
}

@article{Faccenda2014WaterTrilogy,
    title = {{Water in the slab: A trilogy}},
    year = {2014},
    journal = {Tectonophysics},
    author = {Faccenda, Manuele},
    pages = {1--30},
    volume = {614},
    url = {http://www.sciencedirect.com/science/article/pii/S0040195114000043},
    doi = {https://doi.org/10.1016/j.tecto.2013.12.020},
    issn = {0040-1951},
    keywords = {Geophysical observations, Hydrated slab, Hydrothermal alteration, Mantle regassing, Slab dehydration}
}

@book{Ridley2013,
author = {Ridley, John},
isbn = {1107022223},
publisher = {Cambridge University Press},
title = {{Ore deposit geology}},
year = {2013}
}

@article{wille2018molybdenum,
  title={Molybdenum isotope variations in calc-alkaline lavas from the Banda arc, Indonesia: Assessing the effect of crystal fractionation in creating isotopically heavy continental crust},
  author={Wille, Martin and Nebel, Oliver and Pettke, Thomas and Vroon, Pieter Z and K{\"o}nig, Stephan and Schoenberg, Ronny},
  journal={Chemical Geology},
  volume={485},
  pages={1--13},
  year={2018},
  publisher={Elsevier}
}

@techreport{coffin1997present,
  title={Present-day plate boundary digital data compilation},
  author={Coffin, Millard F and Gahagan, Lisa M and Lawver, Lawrence A},
  year={1997},
  institution={Institute for Geophysics}
}

@article{elmaleh2004palaeosecular,
  title={Palaeosecular variation in Java and Bawean Islands (Indonesia) during the Brunhes chron},
  author={Elmaleh, A and Valet, J-P and Quidelleur, X and Solihin, A and Bouquerel, H and Tesson, T and Mulyadi, E and Khokhlov, A and Wirakusumah, AD},
  journal={Geophysical Journal International},
  volume={157},
  number={1},
  pages={441--454},
  year={2004},
  publisher={Blackwell Publishing Ltd Oxford, UK}
}

@article{venzke2013global,
  title={Global volcanism program},
  author={Venzke, E},
  journal={Volcanoes of the World},
  volume={4},
  pages={4},
  year={2013}
}

@techreport{dicken2016spatial,
  title={Spatial database for a global assessment of undiscovered copper resources: Chapter Z in Global mineral resource assessment},
  author={Dicken, Connie L and Dunlap, Pamela and Parks, Heather L and Hammarstrom, Jane M and Zientek, Michael L},
  year={2016},
  institution={US Geological Survey}
}

@article{iddings1917contribution,
  title={A Contribution to the Petrography of the Island of Baw{\'e}an, Netherlands Indies},
  author={Iddings, JP and Morley, EW},
  journal={Proceedings of the National Academy of Sciences},
  volume={3},
  number={2},
  pages={105--109},
  year={1917},
  publisher={National Acad Sciences}
}

@article{berlo2014sulfide,
  title={Sulfide breakdown controls metal signature in volcanic gas at Kawah Ijen volcano, Indonesia},
  author={Berlo, K and van Hinsberg, VJ and Vigouroux, N and Gagnon, JE and Williams-Jones, AE},
  journal={Chemical Geology},
  volume={371},
  pages={115--127},
  year={2014},
  publisher={Elsevier}
}

@article{van2017element,
  title={Element flux to the environment of the passively degassing crater lake-hosting Kawah Ijen volcano, Indonesia, and implications for estimates of the global volcanic flux},
  author={van Hinsberg, Vincent and Vigouroux, Nathalie and Palmer, Stephanie and Berlo, Kim and Mauri, Guillaume and Williams-Jones, Anthony and Mckenzie, Jeffrey and Williams-Jones, Glyn and Fischer, Tobias},
  journal={Geological Society, London, Special Publications},
  volume={437},
  number={1},
  pages={9--34},
  year={2017},
  publisher={Geological Society of London}
}

@article{agangi2016open,
  title={Open-system behaviour of magmatic fluid phase and transport of copper in arc magmas at Krakatau and Batur volcanoes, Indonesia},
  author={Agangi, Andrea and Reddy, Steven M},
  journal={Journal of Volcanology and Geothermal Research},
  volume={327},
  pages={669--686},
  year={2016},
  publisher={Elsevier}
}

@article{kent2008melt,
  title={Melt inclusions in basaltic and related volcanic rocks},
  author={Kent, Adam JR},
  journal={Reviews in Mineralogy and Geochemistry},
  volume={69},
  number={1},
  pages={273--331},
  year={2008},
  publisher={GeoScienceWorld}
}

@article{barnes2009chlorine,
  title={Chlorine isotope variations along the Central American volcanic front and back arc},
  author={Barnes, JD and Sharp, ZD and Fischer, TP and Hilton, DR and Carr, MJ},
  journal={Geochemistry, Geophysics, Geosystems},
  volume={10},
  number={11},
  year={2009},
  publisher={Wiley Online Library}
}

@article{boyce2009apatite,
  title={Apatite as a monitor of late-stage magmatic processes at Volc{\'a}n Iraz{\'u}, Costa Rica},
  author={Boyce, Jeremy W and Hervig, Richard L},
  journal={Contributions to Mineralogy and Petrology},
  volume={157},
  number={2},
  pages={135},
  year={2009},
  publisher={Springer}
}

@article{plank2013mafic,
  title={Why do mafic arc magmas contain~ 4 wt\% water on average?},
  author={Plank, Terry and Kelley, Katherine A and Zimmer, Mindy M and Hauri, Erik H and Wallace, Paul J},
  journal={Earth and Planetary Science Letters},
  volume={364},
  pages={168--179},
  year={2013},
  publisher={Elsevier}
}

@article{freundt2014volatile,
  title={Volatile (H 2 O, CO 2, Cl, S) budget of the Central American subduction zone},
  author={Freundt, Armin and Grevemeyer, Ingo and Rabbel, Wolfgang and Hansteen, Thor H and Hensen, Christian and Wehrmann, Heidi and Kutterolf, Steffen and Halama, Ralf and Frische, Matthias},
  journal={International Journal of Earth Sciences},
  volume={103},
  number={7},
  pages={2101--2127},
  year={2014},
  publisher={Springer}
}

@article{aiuppa2014gas,
  title={Gas measurements from the Costa Rica--Nicaragua volcanic segment suggest possible along-arc variations in volcanic gas chemistry},
  author={Aiuppa, Alessandro and Robidoux, P and Tamburello, G and Conde, Vladimir and Galle, Bo and Avard, Geoffroy and Bagnato, E and De Moor, JM and Mart{\'\i}nez, M and Mu{\~n}oz, Ang{\'e}lica},
  journal={Earth and Planetary Science Letters},
  volume={407},
  pages={134--147},
  year={2014},
  publisher={Elsevier}
}

@article{nadeau2013behavior,
  title={The behavior of Cu, Zn and Pb during magmatic--hydrothermal activity at Merapi volcano, Indonesia},
  author={Nadeau, Olivier and Stix, John and Williams-Jones, Anthony E},
  journal={Chemical Geology},
  volume={342},
  pages={167--179},
  year={2013},
  publisher={Elsevier}
}

@article{elburg2007origin,
  title={The origin of medium-K ankaramitic arc magmas from Lombok (Sunda arc, Indonesia): Mineral and melt inclusion evidence},
  author={Elburg, Marlina A and Kamenetsky, VS and Foden, JD and Sobolev, A},
  journal={Chemical Geology},
  volume={240},
  number={3-4},
  pages={260--279},
  year={2007},
  publisher={Elsevier}
}

@article{wulaningsih2013major,
  title={Major element and rare earth elements investigation of Merapi Volcano, Central Java, Indonesia},
  author={Wulaningsih, Tri and Humaida, Hanik and Harijoko, Agung and Watanabe, Koichiro},
  journal={Procedia Earth and Planetary Science},
  volume={6},
  pages={202--211},
  year={2013},
  publisher={Elsevier}
}

@article{jeffery2013pre,
  title={The pre-eruptive magma plumbing system of the 2007--2008 dome-forming eruption of Kelut volcano, East Java, Indonesia},
  author={Jeffery, Adam J and Gertisser, Ralf and Troll, Valentin R and Jolis, Ester M and Dahren, B{\"o}rje and Harris, Chris and Tindle, Andrew G and Preece, Katie and O’Driscoll, Brian and Humaida, Hanik and others},
  journal={Contributions to Mineralogy and Petrology},
  volume={166},
  number={1},
  pages={275--308},
  year={2013},
  publisher={Springer}
}

@article{elburg2008limited,
  title={Limited influence of subducted continental material on mineralogy and elemental geochemistry of primitive magmas from Indonesia--Australia collision zone},
  author={Elburg, Marlina and Kamenetsky, Vadim S},
  journal={Lithos},
  volume={105},
  number={1-2},
  pages={73--84},
  year={2008},
  publisher={Elsevier}
}

@book{siebert2011volcanoes,
  title={Volcanoes of the World},
  author={Siebert, Lee and Simkin, Tom and Kimberly, Paul},
  year={2011},
  publisher={Univ of California Press}
}

@article{luschen2011structure,
  title={Structure, evolution and tectonic activity of the eastern Sunda forearc, Indonesia, from marine seismic investigations},
  author={Lüschen, E and Müller, C an Kopp, H and Engels, M and Lutz, R and Planert, L and Shulgin, A and Djajadihardja, Y S},
  journal={Tectonophysics},
  volume={508},
  number={1-4},
  pages={6--21},
  year={2011},
  publisher={Elsevier}
}

@article{spicak2005seismotectonic,
  title={Seismotectonic pattern and the source region of volcanism in the central part of Sunda Arc},
  author={Špičák, Aleš and Hanuš, Václav and Vaněk, Jiří},
  journal={Journal of Asian Earth Sciences},
  volume={25},
  number={4},
  pages={583--600},
  year={2005},
  publisher={Elsevier}
}

@article{turner2003rates,
  title={Rates and processes of potassic magma evolution beneath Sangeang Api volcano, East Sunda arc, Indonesia},
  author={Turner, Simon and Foden, John and George, Rhiannon and Evans, Peter and Varne, Rick and Elburg, Marlina and Jenner, George},
  journal={Journal of Petrology},
  volume={44},
  number={3},
  pages={491--515},
  year={2003},
  publisher={Oxford University Press}
}

@article{bani2017first,
  title={First study of the heat and gas budget for Sirung volcano, Indonesia},
  author={Bani, Philipon and Alfianti, Hilma and Aiuppa, Alessandro and Oppenheimer, Clive and Sitinjak, Pretina and Tsanev, Vitchko and Saing, Ugan B},
  journal={Bulletin of Volcanology},
  volume={79},
  number={8},
  pages={60},
  year={2017},
  publisher={Springer}
}

@article{van1992origin,
  title={The origin of the potassic rock suite from Batu Tara volcano (East Sunda Arc, Indonesia)},
  author={Van Bergen, MJ and Vroon, PZ and Varekamp, JC and Poorter, RPE},
  journal={Lithos},
  volume={28},
  number={3-6},
  pages={261--282},
  year={1992},
  publisher={Elsevier}
}

@article{de2000volatile,
  title={Volatile-induced transport of HFSE, REE, Th and U in arc magmas: evidence from zirconolite-bearing vesicles in potassic lavas of Lewotolo volcano (Indonesia)},
  author={de Hoog, Jan CM and van Bergen, Manfred J},
  journal={Contributions to Mineralogy and Petrology},
  volume={139},
  number={4},
  pages={485--502},
  year={2000},
  publisher={Springer}
}

@book{robb2013introduction,
  title={Introduction to ore-forming processes},
  author={Robb, Laurence},
  year={2013},
  publisher={John Wiley \& Sons}
}

@article{williamson2016porphyry,
  title={Porphyry copper enrichment linked to excess aluminium in plagioclase},
  author={Williamson, BJ and Herrington, RJ and Morris, A},
  journal={Nature Geoscience},
  volume={9},
  number={3},
  pages={237},
  year={2016},
  publisher={Nature Publishing Group}
}

@article{plank1998chemical,
  title={The chemical composition of subducting sediment and its consequences for the crust and mantle},
  author={Plank, Terry and Langmuir, Charles H},
  journal={Chemical geology},
  volume={145},
  number={3-4},
  pages={325--394},
  year={1998},
  publisher={Elsevier}
}

@article{williams2018interplay,
  title={Interplay of crystal fractionation, sulfide saturation and oxygen fugacity on the iron isotope composition of arc lavas: an example from the Marianas},
  author={Williams, HM and Prytulak, J and Woodhead, JD and Kelley, KA and Brounce, M and Plank, T},
  journal={Geochimica et Cosmochimica Acta},
  volume={226},
  pages={224--243},
  year={2018},
  publisher={Elsevier}
}

@article{nemeth2015monogenetic,
  title={Monogenetic volcanism: personal views and discussion},
  author={N{\'e}meth, K and Kereszturi, G},
  journal={International Journal of Earth Sciences},
  volume={104},
  number={8},
  pages={2131--2146},
  year={2015},
  publisher={Springer}
}

@article{smith2017source,
  title={Source to surface model of monogenetic volcanism: a critical review},
  author={Smith, IEM and N{\'e}meth, K},
  journal={Geological Society, London, Special Publications},
  volume={446},
  number={1},
  pages={1--28},
  year={2017},
  publisher={Geological Society of London}
}


@article{carn2001petrology,
  title={Petrology and geochemistry of the Lamongan Volcanic Field, East Java, Indonesia: primitive Sunda Arc magmas in an extensional tectonic setting?},
  author={Carn, SA and Pyle, DM},
  journal={Journal of Petrology},
  volume={42},
  number={9},
  pages={1643--1683},
  year={2001},
  publisher={Oxford University Press}
}

@article{setijadji2006cenozoic,
  title={Cenozoic island arc magmatism in Java Island (Sunda Arc, Indonesia): clues on relationships between geodynamics of volcanic centers and ore mineralization},
  author={Setijadji, Lucas Donny and Kajino, Shigeo and Imai, Akira and Watanabe, Koichiro},
  journal={Resource Geology},
  volume={56},
  number={3},
  pages={267--292},
  year={2006},
  publisher={Wiley Online Library}
}

@book{hamilton1979tectonics,
  title={Tectonics of the Indonesian region},
  author={Hamilton, Warren Bell},
  number={1078},
  year={1979},
  publisher={US Govt. Print. Off.}
}

@article{hayes2018slab2,
  title={Slab2, a comprehensive subduction zone geometry model},
  author={Hayes, Gavin P and Moore, Ginevra L and Portner, Daniel E and Hearne, Mike and Flamme, Hanna and Furtney, Maria and Smoczyk, Gregory M},
  journal={Science},
  volume={362},
  number={6410},
  pages={58--61},
  year={2018},
  publisher={American Association for the Advancement of Science}
}

@article{handley2014insights,
  title={Insights from Pb and O isotopes into along-arc variations in subduction inputs and crustal assimilation for volcanic rocks in Java, Sunda arc, Indonesia},
  author={Handley, Heather K and Blichert-Toft, Janne and Gertisser, Ralf and Macpherson, Colin G and Turner, Simon P and Zaennudin, Akhmad and Abdurrachman, Mirzam},
  journal={Geochimica et Cosmochimica Acta},
  volume={139},
  pages={205--226},
  year={2014},
  publisher={Elsevier}
}

@article{clements2009thrusting,
  title={Thrusting of a volcanic arc: a new structural model for Java},
  author={Clements, Benjamin and Hall, Robert and Smyth, Helen R and Cottam, Michael A},
  journal={Petroleum Geoscience},
  volume={15},
  number={2},
  pages={159--174},
  year={2009}
}

@article{pacey2013linear,
  title={Linear volcanic segments in the central Sunda Arc, Indonesia, identified using Hough transform analysis: implications for arc lithosphere control upon volcano distribution},
  author={Pacey, Adam and Macpherson, Colin G and McCaffrey, Ken JW},
  journal={Earth and planetary science letters},
  volume={369},
  pages={24--33},
  year={2013},
  publisher={Elsevier}
}

@article{wolbern2016crustal,
  title={Crustal thickness beneath Central and East Java (Indonesia) inferred from P receiver functions},
  author={W{\"o}lbern, Ingo and R{\"u}mpker, Georg},
  journal={Journal of Asian Earth Sciences},
  volume={115},
  pages={69--79},
  year={2016},
  publisher={Elsevier}
}

@article{widiyantoro1997mantle,
  title={Mantle structure beneath Indonesia inferred from high-resolution tomographic imaging},
  author={Widiyantoro, Sri and van der Hilst, Rob},
  journal={Geophysical Journal International},
  volume={130},
  number={1},
  pages={167--182},
  year={1997},
  publisher={Blackwell Publishing Ltd Oxford, UK}
}

@article{edwards1993separating,
  title={Separating mantle from slab signatures in arc lavas using B/Be and radiogenic isotope systematics},
  author={Edwards, CMH and Morris, JD and Thirlwall, MF},
  journal={Nature},
  volume={362},
  number={6420},
  pages={530},
  year={1993},
  publisher={Nature Publishing Group}
}

@article{whitford1975strontium,
  title={Strontium isotopic studies of the volcanic rocks of the Saunda arc, Indonesia, and their petrogenetic implications},
  author={Whitford, DJ},
  journal={Geochimica et Cosmochimica Acta},
  volume={39},
  number={9},
  pages={1287--1302},
  year={1975},
  publisher={Elsevier}
}

@article{vukadinovic1995geology,
  title={Geology, mineralogy and magma evolution of Gunung Slamet volcano, Java, Indonesia},
  author={Vukadinovic, Danilo and Sutawidjaja, Igan},
  journal={Journal of Southeast Asian Earth Sciences},
  volume={11},
  number={2},
  pages={135--164},
  year={1995},
  publisher={Elsevier}
}

@misc{GVP:2013,
  author       = {Venzke, E.}, 
  title        = {Global Volcanism Program},
  howpublished = {Online Database},
  year         = {2013},
  note         = {Data accessed from: \url{https://doi.org/10.5479/si.GVP.VOTW4-2013}}
}


@article{reubi2003early,
  title={Early mixing and mingling in the evolution of basaltic magmas: evidence from phenocryst assemblages, Slamet Volcano, Java, Indonesia},
  author={Reubi, Olivier and Nicholls, Ian A and Kamenetsky, Vadim S},
  journal={Journal of Volcanology and Geothermal Research},
  volume={119},
  number={1-4},
  pages={255--274},
  year={2003},
  publisher={Elsevier}
}

@article{sutawidjaja2009cinder,
  title={Cinder cones of Mount Slamet, Central Java, Indonesia},
  author={Sutawidjaja, Igan S and Sukhyar, R},
  journal={Indonesian Journal on Geoscience},
  volume={4},
  number={1},
  pages={57--75},
  year={2009}
}

@online{TH-Tengah,
  author = {GFDRR},
  title = {Jawa Tengah - Hazards},
  year = {2017},
  url = {http://thinkhazard.org/en/report/1520-indonesia-jawa-tengah},
  urldate = {2019-05-27},
  note= {GFDRR  stands for Global Facility for Disaster Reduction and Recovery, administered by the UN}
}

@online{TH-Timur,
  author = {GFDRR},
  title = {Jawa Timur - Hazards},
  year = {2017},
  url = {http://thinkhazard.org/en/report/1521-indonesia-jawa-timur},
  urldate = {2019-05-27},
  note= {GFDRR  stands for Global Facility for Disaster Reduction and Recovery, administered by the UN}
}

@online{WikiVoyage,
  author = {WikiVoyage},
  title = {Travel Guide to Java},
  year = {2019},
  url = {https://en.wikivoyage.org/wiki/Java},
  urldate = {2019-05-27}
}

@online{SummitPost,
  author = {SummitPost},
  title = {Mountaineering Information},
  year = {2019},
  url = {https://www.summitpost.org},
  urldate = {2019-05-27}
}

@online{MAGMA,
  author = {PVMBG},
  title = {Volcano Alerts},
  year = {2019},
  url = {https://magma.vsi.esdm.go.id},
  urldate = {2019-05-27},
  note = {PVMBG stands for Pusat Vulkanologi dan Mitigasi Bencana Geologi, or Center for Volcanology and Geologic Hazard Mitigation}
}

@article{permana2017community,
  title={Community Rituals in Facing Volcanic Eruption Threat in Java},
  author={Permana, Septian Aji and Liernoor, Dewi and Slamet, Achmad and Juhadi, Juhadi},
  journal={Komunitas: International Journal of Indonesian Society and Culture},
  volume={9},
  number={1},
  pages={29--36},
  year={2017}
}

@article{gertisser2012geological,
  title={The geological evolution of Merapi volcano, Central Java, Indonesia},
  author={Gertisser, Ralf and Charbonnier, Sylvain J and Keller, J{\"o}rg and Quidelleur, Xavier},
  journal={Bulletin of volcanology},
  volume={74},
  number={5},
  pages={1213--1233},
  year={2012},
  publisher={Springer}
}

@article{charbonnier2008field,
  title={Field observations and surface characteristics of pristine block-and-ash flow deposits from the 2006 eruption of Merapi Volcano, Java, Indonesia},
  author={Charbonnier, Sylvain J and Gertisser, R},
  journal={Journal of Volcanology and Geothermal Research},
  volume={177},
  number={4},
  pages={971--982},
  year={2008},
  publisher={Elsevier}
}

@article{wulaningsih2013major,
  title={Major element and rare earth elements investigation of Merapi volcano, central Java, Indonesia},
  author={Wulaningsih, Tri and Humaida, Hanik and Harijoko, Agung and Watanabe, Koichiro},
  journal={Procedia Earth and Planetary Science},
  volume={6},
  pages={202--211},
  year={2013},
  publisher={Elsevier}
}

@article{handini2017variation,
  title={Variation of Slab Component in Ancient and Modern Merapi Products: A Detailed Look into Slab Derived Fluid Fluctuation over the Living Span of One of the Most Active Volcanoes in Sunda Arc},
  author={Handini, Esti and Hasenaka, Toshiaki and Harijoko, Agung and Mori, Yasushi},
  journal={Journal of Applied Geology},
  volume={2},
  number={1},
  pages={1--14},
  year={2017}
}

@book{bemmelen1970geology,
  title={The geology of Indonesia},
  author={Bemmelen, Reinout Willem},
  volume={1},
  year={1970},
  publisher={Martinus Nijhoff}
}

@article{whitford1975geochemistry,
  title={Geochemistry and petrology of volcanic rocks from the Sunda arc of Indonesia},
  author={Whitford, David John and others},
  year={1975},
  publisher={The Australian National University}
}

@article{handley2011hf,
  title={Hf--Nd isotope and trace element constraints on subduction inputs at island arcs: limitations of Hf anomalies as sediment input indicators},
  author={Handley, Heather K and Turner, Simon and Macpherson, Colin G and Gertisser, Ralf and Davidson, Jon P},
  journal={Earth and Planetary Science Letters},
  volume={304},
  number={1-2},
  pages={212--223},
  year={2011},
  publisher={Elsevier}
}

@article{clements2007cretaceous,
  title={Cretaceous to Late Miocene stratigraphic and tectonic evolution of West Java},
  author={Clements, Benjamin and Hall, Robert},
  year={2007},
  publisher={Indonesian Petroleum Association}
}

@inproceedings{maghfira2019gravity,
  title={Gravity satellite data analysis for subsurface modelling in Mount Merapi-Merbabu, Java, Indonesia},
  author={Maghfira, Puspita Dian and Niasari, Sintia Windhi},
  booktitle={E3S Web of Conferences},
  volume={76},
  pages={03003},
  year={2019},
  organization={EDP Sciences}
}

@book{van1983history,
  title={History of the volcanology in the former Netherlands East Indies},
  author={Van Padang, M Neumann and Van Padang, M Neumann},
  year={1983},
  publisher={Rijksmuseum van Geologie en Mineralogie}
}

@book{Bemmelen1949,
author = {van-Bemmelen, R.W.},
address = {The Hague},
pages = {900},
publisher = {Govt. Printing Office},
title = {The geology of Indonesia / R.W. van Bemmelen},
year = {1949}
}

@article{Fikru2017,
author = {Hasbi Fikru Syabi and Rifqi Alfadhilah Sentosa and Agil Gemilang Ramadhan and Boy Yoseph CSSSA},
title = {Determining Upflow/Outflow Zone and Fluids Flows in Geothermal Prospect Area Based on Geoindicator Comparison Value: A Case Study of Mt. Telomoyo, Central Java, Indonesia},
journal = {ASEG Extended Abstracts},
volume = {2018},
number = {1},
pages = {1-1},
year  = {2018},
publisher = {Taylor & Francis},
doi = {10.1071/ASEG2018abP026}
}

@article{Hermawan2012,
author = {Hermawan, Dudi and Widodo, Sri and Mulyadi, Eddy},
file = {:Users/nickbarber/OneDrive - University Of Cambridge/PhD Research/Mendeley Papers/Hermawan{\_}2012.pdf:pdf},
issn = {2580-1023},
journal = {Buletin Sumber Daya Geologi},
mendeley-groups = {Sunda},
number = {1},
pages = {1--6},
title = {{Sistem Panas Bumi Daerah Candi Umbul-Telomoyo Berdasarkan Kajian Geologi Dan Geokimia}},
volume = {7},
year = {2012}
}

@article{Setyawan2009,
author = {Setyawan, Agus and Ehara, Sachio and Fujimitsu, Yasuhiro and Nishijima, Jun and Saibi, Hakim and Aboud, Essam},
issn = {0388-6735},
journal = {Journal of the Geothermal Research Society of Japan},
number = {2},
pages = {107--116},
publisher = {THE GEOTHERMAL RESEARCH SOCIETY OF JAPAN},
title = {{The gravity anomaly of Ungaran volcano, Indonesia: Analysis and interpretation}},
volume = {31},
year = {2009}
}

@article{Saibi2012,
author = {Saibi, Hakim and Aboud, Essam and Setyawan, Agus and Ehara, Sachio and Nishijima, Jun},
issn = {1866-7538},
journal = {Arabian Journal of Geosciences},
number = {5},
pages = {1047--1054},
title = {{Gravity data analysis of Ungaran Volcano, Indonesia}},
volume = {5},
year = {2012}
}

@article{Leterrier1990,
author = {Leterrier, J and Yuwono, Y S and Soeria-Atmadja, R and Maury, R C},
issn = {0743-9547},
journal = {Journal of Southeast Asian Earth Sciences},
number = {3},
pages = {171--187},
publisher = {Elsevier},
title = {{Potassic volcanism in central Java and south Sulawesi, Indonesia}},
volume = {4},
year = {1990}
}

@phdthesis{Claproth1989,
author = {Claproth, Richard},
pages = {510},
school = {University of Wollongong},
title = {{Petrography and geochemistry of volcanic rocks from Ungaran, Central Java, Indonesia}},
type = {PhD Thesis},
url = {http://ro.uow.edu.au/theses/1398},
year = {1989}
}

@article{smyth2008cenozoic,
  title={Cenozoic volcanic arc history of East Java, Indonesia: the stratigraphic record of eruptions on an active continental margin},
  author={Smyth, Helen R and Hall, Robert and Nichols, Gary J},
  journal={Special Papers-Geological Society of America},
  volume={436},
  pages={199},
  year={2008},
  publisher={Boulder, Colo.; Geological Society of America; 1999}
}

@article{edwards1991evidence,
  title={Evidence from Muriah, Indonesia, for the interplay of supra-subduction zone and intraplate processes in the genesis of potassic alkaline magmas},
  author={Edwards, Caroline and Menzies, Martin and Thirlwall, Matthew},
  journal={Journal of Petrology},
  volume={32},
  number={3},
  pages={555--592},
  year={1991},
  publisher={Oxford University Press}
}

@book{Prastistho2018,
author = {Prastistho, B and Umam, Z and {A Rahadian}, Y},
booktitle = {IOP Conference Series: Earth and Environmental Science},
doi = {10.1088/1755-1315/212/1/012046},
month = {dec},
pages = {12046},
title = {{Inventory of geoheritage of the Muria Peninsula to develop geotourism}},
volume = {212},
year = {2018}
}

@article{mcbirney2003volcanic,
  title={Volcanic and seismic hazards at a proposed nuclear power site in central Java},
  author={McBirney, Alexander R and Serva, Leonello and Guerra, M and Connor, Charles B},
  journal={Journal of Volcanology and Geothermal Research},
  volume={126},
  number={1-2},
  pages={11--30},
  year={2003},
  publisher={Elsevier}
}

@inproceedings{VanBergen2000,
address = {Denpasar},
author = {{Van Bergen}, M. and Bernard, A. and Sumarti, S. and Sriwana, T. and Sitorous, K.},
booktitle = {IAVCEI General Assemly Excursion Guide},
pages = {42},
publisher = {IAVCEI},
title = {{Crater lakes of Java: Dieng, Kelud, Ijen}},
url = {https://www2.ulb.ac.be/sciences/cvl/DKIPART2.pdf},
year = {2000}
}

@article{Lavigne2016,
author = {Lavigne, F and Thouret, J C and Hadmoko, D S and Sukatja, B},
journal = {Forum Geografi},
title = {{Lahars in Java: initiations, dynamics, hazard assessment and deposition processes}},
url = {http://journals.ums.ac.id/index.php/fg/article/view/1822},
year = {2016}
}

@article{Tanaka2016,
author = {Tanaka, Hiroshi L and Iguchi, Masato and Nakada, Setsuya},
doi = {10.20965/jdr.2016.p0031},
journal = {Journal of Disaster Research},
number = {1},
pages = {31--42},
title = {{Numerical Simulations of Volcanic Ash Plume Dispersal from Kelud Volcano in Indonesia on February 13, 2014}},
volume = {11},
year = {2016}
}

@article{Hidayati,
author = {Hidayati, Sri and Basuki, Ahmad and Kristianto, Kristianto and Mulyana, Iyan},
issn = {2355-9306},
journal = {Indonesian Journal on Geoscience},
number = {4},
pages = {229--238},
publisher = {Geological Agency, Indonesian Ministry of Energy and Mineral Resources},
title = {{Emergence of Lava Dome From the Crater Lake of Kelud Volcano, East Java}},
volume = {4},
year = {2009}
}

@article{Thouret1998,
author = {Thouret, J C and Abdurachman, K E and Bourdier, J L and Bronto, S},
journal = {Bulletin of Volcanology},
number = {7},
pages = {460--480},
publisher = {Springer},
title = {{Origin, characteristics, and behaviour of lahars following the 1990 eruption of Kelud volcano, eastern Java (Indonesia)}},
url = {http://www.springerlink.com/index/X7D7QVAD0CT3C9BF.pdf},
volume = {59},
year = {1998}
}

@article{jeffery2013pre,
  title={The pre-eruptive magma plumbing system of the 2007--2008 dome-forming eruption of Kelut volcano, East Java, Indonesia},
  author={Jeffery, Adam J and Gertisser, Ralf and Troll, Valentin R and Jolis, Ester M and Dahren, B{\"o}rje and Harris, Chris and Tindle, Andrew G and Preece, Katie and O’Driscoll, Brian and Humaida, Hanik and others},
  journal={Contributions to Mineralogy and Petrology},
  volume={166},
  number={1},
  pages={275--308},
  year={2013},
  publisher={Springer}
}

@inproceedings{Daud2015,
author = {Daud, Yunus and Fahmi, Fikri and Nuqramadha, Wambra Aswo and Heditama, Dzil Mulki and Pratama, Surya Aji and Suhanto, Edi},
booktitle = {Proceedings World Geothermal Congress, Melbourne, Australia},
pages = {19--25},
title = {{3-Dimensional Inversion of MT Data over the Arjuno-Welirang Volcanic Geothermal System, East Java (Indonesia)}},
year = {2015}
}

@article{Obermann2018,
author = {Obermann, Anne and Karyono, Karyono and Diehl, Tobias and Lupi, Matteo and Mazzini, Adriano},
doi = {https://doi.org/10.1016/j.marpetgeo.2017.07.033},
issn = {0264-8172},
journal = {Marine and Petroleum Geology},
pages = {149--156},
title = {{Seismicity at Lusi and the adjacent volcanic complex, Java, Indonesia}},
url = {http://www.sciencedirect.com/science/article/pii/S026481721730288X},
volume = {90},
year = {2018}
}

@inproceedings{Utama2016,
author = {Utama, Hari and Harijoko, Agung and Husein, Salahuddin},
booktitle = {SEMINAR NASIONAL KEBUMIAN KE-9},
month = {oct},
pages = {83--92},
publisher = {THE ROLE OF RESEARCH OF SCIENCE SCIENCE IN COMMUNITY EMPOWERMENT},
title = {{Studi Vulkanisme dan Struktur Geologi untuk Eksplorasi Awal Panas Bumi di Kompleks Gunung Api Arjuno Welirang}},
url = {https://www.researchgate.net/publication/315486362},
year = {2016}
}

@inproceedings{Paripurno2018,
address = {Yogyakartya},
author = {Paripurno, Eko and Pradhana, G and Putra, W and {P Hartono}, G},
booktitle = {IOP Conference Series: Earth and Environmental Science},
doi = {10.1088/1755-1315/212/1/012045},
month = {Oct},
pages = {8},
publisher = {IOP Publishing},
title = {{New nomenclature of Mt. Penanggungan stratigraphy, Pasuruan and Mojokerto Regency, East Java}},
volume = {212},
year = {2018}
}

@article{Nishi2007,
author = {Nishi, Kiyoshi and Hendrasto, Muhamad and Mulyana, Iyan and Rosadi, Umar and Purbawinata, Mas Atje},
doi = {10.1186/BF03352688},
issn = {1880-5981},
journal = {Earth, Planets and Space},
number = {3},
pages = {151--156},
title = {{Micro-tilt changes preceding summit explosions at Semeru volcano, Indonesia}},
url = {https://doi.org/10.1186/BF03352688},
volume = {59},
year = {2007}
}

@article{Doyle2010,
author = {Doyle, E E and Cronin, S J and Cole, S E and Thouret, J.-C.},
doi = {10.1007/s00445-010-0381-8},
issn = {1432-0819},
journal = {Bulletin of Volcanology},
number = {8},
pages = {961--970},
title = {{The coalescence and organization of lahars at Semeru volcano, Indonesia}},
url = {https://doi.org/10.1007/s00445-010-0381-8},
volume = {72},
year = {2010}
}

@article{Tjia1967,
author = {Tjia, H D},
doi = {10.1007/BF02597007},
issn = {1432-0819},
journal = {Bulletin Volcanologique},
number = {1},
pages = {85--96},
title = {{Volcanic lineaments in the Indonesian island arcs}},
url = {https://doi.org/10.1007/BF02597007},
volume = {31},
year = {1967}
}

@article{Smekens2015,
author = {Smekens, Jean-Fran{\c{c}}ois and Clarke, Amanda B and Burton, Michael R and Harijoko, Agung and Wibowo, Haryo E},
doi = {https://doi.org/10.1016/j.jvolgeores.2015.01.006},
issn = {0377-0273},
journal = {Journal of Volcanology and Geothermal Research},
pages = {121--128},
title = {{SO2 emissions at Semeru volcano, Indonesia: Characterization and quantification of persistent and periodic explosive activity}},
url = {http://www.sciencedirect.com/science/article/pii/S0377027315000219},
volume = {300},
year = {2015}
}

@article{Solikhin2012,
author = {Solikhin, Akhmad and Thouret, Jean-Claude and Gupta, Avijit and Harris, Andy J L and Liew, Soo Chin},
doi = {https://doi.org/10.1016/j.geomorph.2011.10.001},
issn = {0169-555X},
journal = {Geomorphology},
number = {1},
pages = {364--379},
title = {{Geology, tectonics, and the 2002–2003 eruption of the Semeru volcano, Indonesia: Interpreted from high-spatial resolution satellite imagery}},
url = {http://www.sciencedirect.com/science/article/pii/S0169555X11005174},
volume = {138},
year = {2012}
}

@article{Siswowidjoyo1997,
author = {Siswowidjoyo, S and Sudarsono, U and Wirakusumah, A D},
doi = {https://doi.org/10.1016/S0743-9547(97)00007-X},
issn = {1367-9120},
journal = {Journal of Asian Earth Sciences},
number = {2},
pages = {185--194},
title = {{The threat of hazards in the Semeru volcano region inEast Java, Indonesia}},
url = {http://www.sciencedirect.com/science/article/pii/S074395479700007X},
volume = {15},
year = {1997}
}

@article{Goode2018,
author = {Goode, Louise R and Handley, Heather K and Cronin, Shane J and Abdurrachman, Mirzam},
doi = {https://doi.org/10.1016/j.jvolgeores.2018.02.005},
issn = {0377-0273},
journal = {Journal of Volcanology and Geothermal Research},
title = {{Insights into eruption dynamics from the 2014 pyroclastic deposits of Kelut volcano, Java, Indonesia, and implications for future hazards}},
url = {http://www.sciencedirect.com/science/article/pii/S0377027318300623},
year = {2018}

}
@article{VanGerven1995,
author = {van Gerven, M and Pichler, H},
doi = {https://doi.org/10.1016/0743-9547(95)00003-B},
issn = {0743-9547},
journal = {Journal of Southeast Asian Earth Sciences},
number = {2},
pages = {125--133},
title = {{Some aspects of the volcanology and geochemistry of the Tengger Caldera, Java, Indonesia: eruption of a K-rich tholeiitic series}},
url = {http://www.sciencedirect.com/science/article/pii/074395479500003B},
volume = {11},
year = {1995}
}

@article{Hakim2008,
author = {Hakim, Luchman and Hong, Sun-Kee and Kim, Jae-Eun and Nakagoshi, Nobukazu},
issn = {1229-3857},
journal = {Korean Journal of Environment and Ecology},
number = {3},
pages = {207--220},
publisher = {Korean Society of Environment and Ecology},
title = {{Tourism and cultural landscape at the Tengger, East Java, Indonesia: the implications for ecotourism planning}},
volume = {22},
year = {2008}
}

@article{Bachri2015,
author = {Bachri, S and St{\"{o}}tter, J and Monreal, M and Sartohadi, J},
issn = {1561-8633},
journal = {Natural Hazards and Earth System Sciences},
number = {2},
pages = {277--290},
publisher = {Copernicus GmbH},
title = {{The calamity of eruptions, or an eruption of benefits? Mt. Bromo human–volcano system a case study of an open-risk perception}},
volume = {15},
year = {2015}
}

@article{Abidin2004,
author = {Abidin, Hasanuddin Z and Andreas, H and Gamal, M and Hendrasto, M and Suganda, Ony K and Purbawinata, M A and Meilano, Irwan and Kimata, F},
journal = {Journal of Global Positioning},
number = {1},
pages = {16--24},
publisher = {Scientific Research Publishing},
title = {{The deformation of Bromo Volcano (Indonesia) as detected by GPS surveys method}},
volume = {3},
year = {2004}
}

@article{Aiuppa2015,
author = {Aiuppa, A and Bani, P and Moussallam, Y and {Di Napoli}, R and Allard, P and Gunawan, H and Hendrasto, M and Tamburello, G},
doi = {https://doi.org/10.1016/j.jvolgeores.2015.09.008},
issn = {0377-0273},
journal = {Journal of Volcanology and Geothermal Research},
pages = {206--213},
title = {{First determination of magma-derived gas emissions from Bromo volcano, eastern Java (Indonesia)}},
url = {http://www.sciencedirect.com/science/article/pii/S0377027315002863},
volume = {304},
year = {2015}
}

@inproceedings{Bachri2013,
author = {Bachri, Syamsul and St{\"{o}}tter, Johann and Sartohadi, Junun},
booktitle = {EGU General Assembly Conference Abstracts},
title = {{Bromo volcano area as human-environment system: interaction of volcanic eruption, local knowledge, risk perception and adaptation strategy}},
volume = {15},
year = {2013}
}

@article{Carn1999,
author = {Carn, Simon A},
doi = {10.1007/s004450050265},
issn = {1432-0819},
journal = {Bulletin of Volcanology},
number = {1},
pages = {92--105},
title = {{Application of synthetic aperture radar (SAR) imagery to volcano mapping in the humid tropics: a case study in East Java, Indonesia}},
url = {https://doi.org/10.1007/s004450050265},
volume = {61},
year = {1999}
}

@article{Aziz2018,
author = {Aziz, K N and Hartantyo, E and Niasari, S W},
doi = {10.1088/1742-6596/1011/1/012025},
issn = {1742-6588},
journal = {Journal of Physics: Conference Series},
pages = {12025},
publisher = {IOP Publishing},
title = {{The Study of Fault Lineament Pattern of the Lamongan Volcanic Field Using Gravity Data}},
url = {http://dx.doi.org/10.1088/1742-6596/1011/1/012025},
volume = {1011},
year = {2018}
}

@article{Deon2015,
author = {Deon, Fiorenza and F{\"{o}}rster, Hans-J{\"{u}}rgen and Brehme, Maren and Wiegand, Bettina and Scheytt, Traugott and Moeck, Inga and Jaya, Makky S and Putriatni, Dewi J},
doi = {10.1186/s40517-015-0040-6},
issn = {2195-9706},
journal = {Geothermal Energy},
number = {1},
pages = {20},
title = {{Geochemical/hydrochemical evaluation of the geothermal potential of the Lamongan volcanic field (Eastern Java, Indonesia)}},
url = {https://doi.org/10.1186/s40517-015-0040-6},
volume = {3},
year = {2015}
}

@article{Philibosian2011,
annote = {doi: 10.1029/2011GC003775},
author = {Philibosian, Belle and Simons, Mark},
doi = {10.1029/2011GC003775},
issn = {1525-2027},
journal = {Geochemistry, Geophysics, Geosystems},
month = {nov},
number = {11},
publisher = {John Wiley {\&} Sons, Ltd},
title = {{A survey of volcanic deformation on Java using ALOS PALSAR interferometric time series}},
url = {https://doi.org/10.1029/2011GC003775},
volume = {12},
year = {2011}
}

@article{Handley2007,
annote = {10.1093/petrology/egm013},
author = {Handley, H K and Macpherson, C G and Davidson, J P and Berlo, K and Lowry, D},
issn = {0022-3530},
journal = {Journal of Petrology},
month = {jun},
number = {6},
pages = {1155--1183},
title = {{Constraining Fluid and Sediment Contributions to Subduction-Related Magmatism in Indonesia: Ijen Volcanic Complex}},
url = {http://dx.doi.org/10.1093/petrology/egm013},
volume = {48},
year = {2007}
}

@article{VanHinsberg2017,
author = {van Hinsberg, Vincent and Vigouroux, Nathalie and Palmer, Stephanie and Berlo, Kim and Mauri, Guillaume and Williams-Jones, Anthony and Mckenzie, Jeffrey and Williams-Jones, Glyn and Fischer, Tobias},
issn = {0305-8719},
journal = {Geological Society, London, Special Publications},
number = {1},
pages = {9--34},
publisher = {Geological Society of London},
title = {{Element flux to the environment of the passively degassing crater lake-hosting Kawah Ijen volcano, Indonesia, and implications for estimates of the global volcanic flux}},
volume = {437},
year = {2017}
}

@article{jugo2010sulfur,
  title={Sulfur K-edge XANES analysis of natural and synthetic basaltic glasses: Implications for S speciation and S content as function of oxygen fugacity},
  author={Jugo, Pedro J and Wilke, Max and Botcharnikov, Roman E},
  journal={Geochimica et Cosmochimica Acta},
  volume={74},
  number={20},
  pages={5926--5938},
  year={2010},
  publisher={Elsevier}
}

@article{jugo2009sulfur,
  title={Sulfur content at sulfide saturation in oxidized magmas},
  author={Jugo, Pedro J},
  journal={Geology},
  volume={37},
  number={5},
  pages={415--418},
  year={2009},
  publisher={Geological Society of America}
}

@article{richards2015oxidation,
  title={The oxidation state, and sulfur and Cu contents of arc magmas: implications for metallogeny},
  author={Richards, Jeremy P},
  journal={Lithos},
  volume={233},
  pages={27--45},
  year={2015},
  publisher={Elsevier}
}

@article{Nash2019,
author = {Nash, William M and Smythe, Duane J and Wood, Bernard J},
doi = {https://doi.org/10.1016/j.epsl.2018.12.006},
file = {:Users/nickbarber/OneDrive - University Of Cambridge/PhD Research/Mendeley Papers/Nash{\_}2019.pdf:pdf},
issn = {0012-821X},
journal = {Earth and Planetary Science Letters},
keywords = {SIMS,XANES,oxidation state,silicate melt,sulfur},
mendeley-groups = {Sulfur,Must read},
pages = {187--198},
title = {{Compositional and temperature effects on sulfur speciation and solubility in silicate melts}},
url = {http://www.sciencedirect.com/science/article/pii/S0012821X18307155},
volume = {507},
year = {2019}
}


